2717 5709
135 581 1288 879 Π

175 1072 290 1222 174¹
509 1118 548 1199 Sa
598 1118 910 1199 Htuattrt

172 1288 352 1380 loqueum
384 1281 594 1376 esttamen,
621 1304 702 1357 cum
724 1282 800 1356 baec
816 1282 1048 1378 loquetetura
1073 1284 1111 1360 in
1135 1286 1244 1365 coelu.

173 1384 426 1464 Descenderat
448 1386 592 1477 quidem
620 1382 715 1457 filius
735 1383 916 1476 hominia,
951 1384 1010 1459 sed
1027 1407 1090 1479 per
1104 1404 1246 1462 nature

174 1490 352 1562 virtutem
371 1505 450 1559 non
474 1485 598 1558 aberat
623 1482 716 1558 filius
740 1482 834 1578 Dei,
871 1482 967 1559 unde
990 1483 1245 1579 descenderat,

174 1608 296 1679 neque
316 1583 351 1659 se
367 1606 490 1677 exeo,
516 1586 616 1679 quod
633 1598 718 1659 ante
735 1596 826 1677 erat,
852 1594 943 1680 turn,
971 1604 1052 1660 curn
1065 1586 1179 1663 homo
1191 1586 1246 1663 est

174 1700 297 1777 natur,
323 1682 555 1774 absumserat3
580 1706 701 1780 neque
716 1681 828 1756 fedius
844 1679 937 1758 filius
953 1685 1124 1781 hominis,
1148 1684 1245 1765 filius

173 1786 250 1864 Dei
277 1784 348 1859 else
369 1785 564 1861 defecerat.
614 1784 685 1860 Sed
712 1782 804 1856 adeo
825 1778 919 1859 filius
940 1785 1118 1875 hominia,
1148 1782 1246 1863 fitius

174 1884 250 1963 Dei
274 1882 346 1978 est,
380 1901 422 1958 ut
445 1883 664 1961 descendens
687 1883 842 1959 de'coelo
864 1881 956 1958 filius
978 1885 1049 1962 Dei
1069 1883 1176 1980 effet,
1210 1886 1248 1961 dt

174 2008 243 2085 per
263 1987 439 2061 virtutem
460 1984 528 2059 suae
546 1984 745 2061 substantiae
759 1987 853 2057 idem
877 1982 970 2059 filius
984 1987 1142 2063 hominia
1157 1984 1248 2063 esset

173 2088 339 2163 incoelo.
1244 2102 1251 2125 '

280 2206 337 2261 12.
361 2182 433 2259 Sed
444 2185 576 2259 volens
586 2180 770 2277 Propheta
780 2181 1250 2277 subpersonaedistinuione

174 2282 377 2385 significate
397 2282 560 2377 Patrem,
596 2286 656 2375 qul
679 2279 756 2357 filio
779 2284 961 2361 suoetiam
981 2283 1110 2360 insilio
1130 2286 1248 2362 homi·

175 2390 233 2465 nia
258 2382 474 2461 consistente
496 2381 682 2477 interris,
714 2385 750 2458 ln
775 2385 834 2459 illa
856 2397 990 2460 aeterna
1019 2382 1078 2461 sua
1104 2384 1185 2459 sede
1203 2408 1248 2464 ac

175 2490 285 2565 beata
297 2500 483 2578 maneret,
508 2484 543 2557 dt
560 2484 633 2559 fine
649 2480 885 2559 descenlionis
906 2485 1054 2578 alicujus
1073 2484 1248 2581 dispensa·

132 2674 137 2689 Ι
176 2590 284 2663 tione
300 2585 560 2677 requiesceret,
588 2585 655 2657 ait:
681 2588 753 2678 Qui
770 2587 899 2657 habitor
917 2591 953 2656 in
967 2586 1070 2679 coelt‘s,
1096 2588 1248 2661 irridebit

175 2712 245 2774 em,
280 2684 319 2763 (5
337 2690 495 2757 Dominus
513 2684 697 2771 submoniti
720 2710 786 2756 em:
820 2702 860 2759 ut
877 2707 940 2777 per
957 2708 1062 2775 eum,
1089 2689 1146 2780 qui
1165 2688 1248 2761 irri-

176 2789 242 2863 det
262 2786 426 2860 habitana
445 2786 482 2858 in
500 2785 609 2877 coe10‚
636 2784 897 2880 intelligeretur
914 2786 945 2857 dt
961 2787 1152 2875 Dominus,
1180 2787 1244 2876 qui

177 2885 408 2963 subsannaret
432 2907 452 2958 e
479 2887 585 2959 coelo.
636 2883 725 2957 Non
753 2884 873 2957 differt
895 2902 1011 2959 autem
1032 2885 1244 2960 subsannare

179 2988 216 3063 dt
233 2988 398 3060 irridere:
425 2999 616 3074 utrumque
630 2988 723 3057 enirn
742 2984 932 3058 secundum
946 2990 1143 3058 voluntatis
1158 2985 1247 3059 ail'e·

178 3087 276 3161 stunt
292 3084 412 3159 officio
436 3085 509 3156 otis
529 3082 691 3158 efficitur.
747 3085 913 3176 Namque
932 3087 1120 3159 secundum
1140 3089 1247 3159 intel·

175 3190 361 3285 ligentiam
381 3185 537 3258 nostram
562 3207 626 3277 per
650 3192 860 3276 corporales
887 3186 1020 3276 species
1042 3187 1245 3261 divinarum

177 3309 299 3362 return
316 3284 431 3359 sensus
446 3289 660 3378 exponitur:
688 3301 727 3356 ut
740 3285 959 3357 subsannatio
979 3287 1009 3357 u
1026 3285 1156 3358 risosin
1172 3290 1246 3357 elu-

179 3389 303 3461 dendis
319 3389 396 3478 bis,
429 3389 486 3477 qui
501 3385 668 3458 adversus
693 3387 884 3458 Dominum
910 3386 1124 3458 &advorsus
1144 3385 1245 3458 Chri·

177 3488 268 3564 stum
296 3489 370 3576 ejus
395 3501 665 3575 convenerant,
698 3491 967 3571 nominaretor3
990 3509 1064 3558 non
1089 3488 1185 3577 quod
1210 3490 1246 3559 in

177 3590 447 3677 incorporalem
476 3587 591 3657 Deum
617 3602 676 3655 aut
693 3586 866 3658 resolutio
890 3602 949 3657 aut
973 3588 1146 3658 obduibo
1172 3589 1244 3658 otis

178 3690 373 3775 incideret,
407 3685 522 3757 sedet
540 3706 584 3756 ex
602 3700 736 3756 natutae
753 3688 881 3758 nostrae
898 3687 1159 3758 consuetudine
1180 3709 1247 3759 no·

177 3788 376 3876 scetemus,
405 3789 495 3878 quali
512 3789 546 3857 in
565 3788 694 3879 impios
714 3785 798 3858 esset
814 3788 951 3880 judicio
967 3789 1097 3858 divinae
1114 3789 1252 3859 volun·

177 3893 262 3962 tatis
287 3886 435 3961 illusum.
489 3886 694 3959 Subsannati
724 3887 978 3981 ergo&irris1
1008 3886 1097 3960 sunt.
1149 3886 1251 3959 Nam

178 3991 239 4079 qui
270 3988 375 4058 testes
409 3985 514 4058 falsos
545 3990 873 4078 concinnaverant,
914 3991 972 4077 qui
998 3986 1251 4080 proditionem

177 4086 326 4165 mercati
356 4103 477 4174 etant,
512 4089 569 4175 qui
593 4084 747 4175 superse
769 4108 808 4156 ac
829 4085 924 4159 lilios
944 4088 1023 4158 suos
1041 4086 1248 4183 sanguinem

177 4189 254 4280 ejus
272 4198 503 4276 receperant,
540 4190 596 4274 qui
614 4183 792 4279 Crucifige
808 4190 1072 4278 clamaverant,
1107 4190 1165 4278 qui
1189 4189 1249 4259 de·

178 4287 309 4363 scendo
329 4287 372 4356 de
394 4305 523 4373 cruce,
559 4286 581 4355 st
603 4280 695 4354 filius
717 4284 786 4354 Dei
808 4309 867 4378 es,
903 4289 1088 4376 dixerant,
1116 4288 1174 4377 qui
1197 4286 1246 4356 se-

174 4392 341 4485 pulcrum
369 4385 667 4481 obfignaverant,
705 4387 763 4473 qui
782 4387 1048 4459 resurrectionis
1070 4387 1247 4460 silentium

176 4510 199 4560 a
224 4488 394 4560 militibus
426 4489 458 4557 ἃ
485 4484 610 4557 famam
632 4485 739 4555 furati
762 4489 926 4576 corporis
950 4502 1128 4576 emerant,
1166 4506 1247 4578 pet·

176 4588 345 4661 diderunt
365 4601 503 4661 tantum
524 4586 717 4677 impietatis
737 4583 804 4657 suae
826 4587 998 4661 laborem.
1052 4586 1152 4657 Deus
1171 4586 1246 4679 est,
1287 4614 1288 4679 t

162 4706 277 4775 quem
299 4690 401 4759 cruci
422 4685 625 4762 affixerant
653 4702 807 4759 aeternus
831 4687 894 4780 est,
921 4689 1022 4778 cujus
1043 4684 1248 4779 sepulcrum
1287 4704 1288 4769 3

143 4786 464 4885 obsignaverant.
526 4789 705 4869 ltridetur
727 4789 920 4886 impietae,
948 4790 1035 4862 dunt
1055 4789 1102 4860 ad
1121 4788 1248 4899 illicita

1134 4901 1221 4955 ntu-
