2717 5709
62 1468 63 1484 ¹
174 1496 181 1518 r
210 1450 250 1525 in
268 1450 355 1523 iram
370 1468 418 1523 ex
437 1449 680 1541 placabilitate
698 1464 884 1525 commota
893 1448 955 1537 est,
982 1444 1041 1525 sed
1053 1474 1097 1525 ex
1109 1456 1301 1573 constitu-g

1258 736 1264 740 ’
1299 734 1301 821 l

94 955 98 965 ,
211 898 283 989 ηε
395 956 398 964 ,
491 884 979 986 „d‘flruitrr·

154 1046 156 1049 ’
203 1042 468 1129 dbiaut'toram
478 1046 583 1139 huius
593 1046 1013 1136 constitutionisiratum.
1063 1050 1279 1139 Poenaenim

210 1149 398 1246 patientia,
419 1149 471 1221 ira
487 1146 557 1222 elle
566 1151 725 1242 creditur
734 1151 973 1229 decernentis.
1003 1150 1281 1245 -Atqueitaira

209 1248 452 1338 deturbetis,
476 1270 558 1333 cum
573 1269 639 1353 per
653 1268 767 1345 poenae
779 1248 945 1325 dolorem
958 1254 1232 1331 iramdecrctiin
1245 1259 1281 1335 se
1300 1244 1301 1311 l

187 1348 583 1444 -rentianteilepunitic
609 1368 770 1441 quaenou
778 1363 843 1444 pet
851 1349 1135 1434 demutationem
1145 1372 1282 1435 nattrrae

208 1550 318 1623 tium
342 1569 458 1643 poena
481 1551 534 1622 ira
558 1548 602 1623 fit
629 1548 832 1644 puniendis.
885 1550 989 1625 Hanc
1018 1570 1136 1629 autem
1167 1580 1282 1651 poenae

208 1646 510 1723 constitutionem
531 1650 621 1725 iram
645 1648 844 1747 nuncupari
869 1664 979 1743 atque
994 1651 1084 1744 elle,
1121 1654 1281 1748 joannes

199 1749 249 1825 ‘in
268 1747 472 1845 Evangelio
492 1746 671 1838 ostendit,
704 1748 846 1839 dicent:
881 1748 1036 1843 „Natio
1054 1755 1279 1851 viperarum,

189 1881 242 1947 43,-
265 1844 1059 1945 quiemonstravitvobiafugereafuturairai
1084 1852 1280 1937 Cumanim

208 1986 239 2048 ·‚,
266 1949 428 2023 debitum
439 1948 507 2021 illis
526 1945 625 2037 edet,
643 1948 694 2023 ob
714 1948 933 2042 impietatem
948 1948 1043 2027 suam
1060 1974 1173 2045 poenae
1192 1974 1282 2033 con·

208 2086 240 2146 ·„
266 2048 455 2122 stitutione
471 2048 612 2142 puniri,
635 2048 724 2121 iram
741 2062 861 2123 tamen
880 2049 974 2125 hanc
990 2048 1146 2129 futuram
1166 2056 1281 2149 poeni·

205 2181 238 2241 g,
264 2146 872 2246 tentiaeconfellionefugiebant.“
919 2149 1118 2243 Apostolus
1131 2174 1282 2247 quoque

207 2250 274 2325 ire
297 2248 404 2341 huius
428 2248 478 2321 ita
502 2247 683 2331 meminit,
719 2248 864 2326 diceus:
902 2252 998 2347 Quia
1016 2252 1136 2327 sicum
1157 2256 1301 2379 adhucg

196 2361 425 2446 ,peccatores
439 2344 604 2440 elsemus,
631 2345 790 2422 Christus
810 2368 881 2443 pro
900 2352 1007 2425 nobis
1031 2368 1195 2429 mortuus
1206 2356 1277 2452 est3

205 2450 330 2527 multo
348 2448 459 2545 magis
468 2443 650 2540 justificati
665 2467 762 2521 nunc
777 2469 840 2541 per
853 2446 1053 2545 sanguinem
1064 2454 1164 2545 eius,
1191 2456 1280 2531 libe·

163 2603 177 2628 ,-
208 2549 370 2625 rabimur
393 2546 507 2621 abira
528 2567 593 2640 per
614 2549 732 2625 illum:
758 2548 847 2621 iram
861 2549 1033 2625 videlicet
1050 2572 1191 2647 poenam
1204 2578 1281 2631 ma·

204 2648 329 2727 nentis
344 2646 614 2722 constitutionis
633 2646 838 2721 ostendens.

315 2755 371 2828 18.
397 2746 489 2824 Non
515 2747 636 2839 itaque
652 2747 696 2820 ad
709 2746 993 2819 demutationem
1010 2744 1111 2819 Deus
1129 2748 1280 2827 mobilis

71 2821 74 2832 ¹
131 2826 138 2834 ’
204 2846 276 2939 est,
301 2868 423 2941 neque
442 2846 486 2921 ad
505 2849 599 2921 aliud
614 2866 660 2919 ex
674 2846 746 2919 alio
760 2842 1044 2919 transferendus:
1071 2866 1282 2927 cumcertae

180 2988 186 3001 ,
203 2950 281 3045 lpse
292 2946 559 3040 constantisque
567 2959 703 3019 nature
712 2944 768 3038 sit,
788 2960 1015 3038 maneatque,
1038 2960 1079 3019 ut
1087 2946 1153 3041 est,
1176 2954 1280 3045 quip.

207 3072 257 3147 pe
275 3051 335 3142 qui
351 3048 503 3123 dixerit:
535 3045 657 3142 „Ego
679 3043 773 3138 sum,
800 3046 860 3137 qui
878 3045 975 3127 sum,
999 3052 1034 3119 δι
1058 3068 1134 3121 non
1157 3048 1281 3123 demu-

203 3203 239 3249 t„
265 3149 377 3224 tor.“
427 3147 538 3221 Beata
564 3146 626 3219 illa
656 3144 871 3240 &perfetta
892 3160 1097 3239 eternaque
1127 3150 1276 3225 virtutis

84 3313 88 3322 .
207 3251 356 3325 bonitas
382 3268 459 3331 nun
487 3247 622 3339 patitur
646 3246 944 3323 conversionem:
982 3268 1051 3323 uec
1071 3246 1280 3325 demutatur

206 3370 256 3425 ax
276 3349 348 3422 alio
363 3345 399 3419 iti
424 3346 520 3419 aliud
539 3358 646 3421 motu
666 3344 862 3421 accidentis
876 3345 1069 3423 instinctus.
1129 3348 1178 3420 Et
1201 3351 1279 3425 hoc

206 3450 303 3525 idem
328 3449 388 3523 liic
411 3443 529 3520 sancio
555 3444 692 3539 Spiritu
716 3447 871 3538 loquens
887 3444 1076 3539 Propheta
1098 3444 1278 3547 testatur,

176 3576 196 3590 ·
208 3550 353 3625 dicens:
386 3546 526 3640 „Deua
539 3546 649 3640 judex
662 3544 795 3639 justus,
829 3546 937 3619 fortis
957 3544 1279 3641 demigraturus,

210 3702 240 3743 „
265 3648 438 3742 numquid
455 3646 625 3720 irascetur
640 3666 705 3739 per
718 3644 873 3741 singulos
891 3640 992 3715 dieti
1017 3638 1092 3713 Nisi
1106 3650 1278 3725 converti

208 3798 238 3843 ‚‚
264 3747 426 3839 fueritis,
456 3748 610 3843 gladium
633 3742 731 3819 suum
755 3742 936 3821 vibravit,
974 3740 1153 3819 &arcum
1171 3742 1274 3823 suum

167 3871 245 3943 v„
263 3850 442 3933 tetendit,
488 3848 522 3917 dc
562 3846 706 3935 paravit
741 3842 863 3913 illum:
893 3839 947 3913 -dt
978 3838 1017 3911 in
1049 3860 1099 3919 ,eo
1131 3852 1273 3937 paravit

205 3994 232 4038 ,‚
258 3944 341 4018 vasa
365 3945 511 4018 mortis:
546 3936 784 4037 sagittarium
811 3936 937 4012 arsuris
962 3956 1134 4034 operatus
1161 3943 1222 4021 est.
1246 3947 1275 3988 ‘⁸

68 4088 71 4094 ·
206 4046 298 4123 Non
309 4065 399 4142 ergo
413 4046 456 4115 ad
469 4043 807 4134 irammagnanimus
821 4043 1046 4129 demutetur;
1073 4036 1273 4134 sedpotena

194 4140 873 4241 ''jude-xpoenamdecrevitadculpam.
924 4138 1274 4215 Namuonccnver-

208 4248 377 4321 tentibua
393 4243 547 4339 gladium
569 4239 749 4329 vibravit,
782 4240 957 4316 &arcum
978 4236 1153 4331 tetendit,
1185 4242 1275 4317 &in

132 4417 135 4422 ⁴
207 4368 256 4421 eo
276 4346 418 4440 paravit
434 4340 671 4433 calamonis,
698 4342 739 4413 du·
751 4336 893 4435 sagittas
908 4338 984 4415 ssuaa
1002 4339 1127 4414 arsuris
1144 4362 1274 4432 opera.

189 4463 264 4520 -tuc
283 4444 344 4520 eil
407 4441 732 4539 Operatru·autem
753 4440 804 4513 est
827 4460 903 4513 non
921 4441 962 4513 ad
984 4452 1123 4515 motum
1144 4460 1274 4533 repen·

204 4549 292 4639 tine
312 4548 395 4645 irc,
426 4566 506 4643 qua
526 4562 597 4644 per
620 4541 855 4645 cupiditatem
866 4538 1060 4621 ulciscendi
1073 4534 1274 4723 subitgsac·

1087 4658 1160 4711 ·ce
1201 4663 1223 4723 t
