2717 5709
129 578 1288 887 u

189 1108 241 1203 ⁸⁴
527 1098 929 1187 &littam

299 1268 357 1345 16.
381 1260 449 1341 Hit
462 1264 586 1359 itique
601 1265 773 1365 cognitis,
800 1290 870 1347 nos
886 1268 1264 1381 odogintaepiscopig

194 1370 257 1465 qui
274 1378 427 1461 propter
448 1386 574 1461 pacem
593 1362 874 1449 confirmandam
896 1372 1060 1449 Ecclesrae
1080 1400 1125 1453 ex
1141 1383 1263 1457 diver·

190 1464 1265 1567 iialonginquisqucprovinciircurningentiexitudrlaborc

190 1568 240 1647 cd
251 1566 433 1643 Serdicrrn
447 1584 676 1660 veneramus,
702 1568 869 1643 videntes
884 1572 960 1646 haec
973 1595 1048 1647 non
1064 1578 1262 1675 sinelacry-

189 1668 259 1749 mir
271 1667 487 1743 ferebamur.
537 1664 642 1741 Leve
660 1668 756 1741 eninr
772 1688 848 1742 non
864 1685 963 1765 erat,
989 1676 1088 1766 quod
1108 1678 1176 1751 ase
1189 1702 1257 1757 eor

189 1770 375 1847 dimittere
388 1768 540 1843 omnino
555 1767 748 1861 negabant,
775 1788 867 1861 quos
876 1786 996 1864 patres
1006 1776 1117 1849 nostri
1127 1784 1260 1855 merito

188 1866 261 1947 tur
279 1886 351 1963 pro
365 1864 572 1941 criminibus
581 1865 899 1945 antcdarnnarunt.
951 1872 1016 1947 Hir
1027 1876 1148 1970 itaque
1159 1899 1259 1955 com·

189 1969 376 2049 muuiccre
392 1964 493 2039 nesae
513 1966 702 2058 duximus,
727 1988 846 2061 neque
863 1990 944 2045 cunr
962 1974 1123 2067 profanis
1139 1980 1259 2053 volui-

187 2090 269 2149 mus
284 2064 401 2143 saniir
416 2064 567 2140 Domini
594 2060 812 2142 sacramento
832 2068 999 2165 miscere,
1025 2070 1257 2153 servantes&

187 2180 358 2247 tenentes
383 2166 541 2263 regulam
567 2164 809 2242 ecclesiastice
834 2169 1036 2265 discipline.
1093 2174 1187 2251 Nam
1213 2192 1258 2255 ut

188 2264 408 2365 supradictos
432 2264 566 2341 Ossrum
588 2286 610 2339 c
631 2262 667 2339 se
681 2264 994 2367 Protegenernque
1012 2294 1089 2347 non
1103 2276 1256 2350 dimitte·

186 2384 295 2463 rent,
321 2362 788 2461 conscientiafortemala‚
815 2371 1257 2461 quamsibieorurnunur.

189 2469 341 2565 quisque
361 2466 518 2541 debebat
538 2465 663 2539 nudari
683 2467 825 2561 aliquo,
862 2492 964 2563 quarn
983 2474 1024 2547 ad
1041 2476 1155 2567 palam
1174 2474 1255 2549 sieri

185 2586 408 2667 magnopere
432 2564 749 2661 pertimescebantt
786 2590 854 2644 uec
881 2572 928 2645 stc
952 2574 988 2647 in
1014 2594 1078 2649 eos
1101 2576 1256 2671 audebat

187 2688 316 2745 eorum
334 2667 459 2757 niquis
478 2664 689 2741 sententiam
708 2666 841 2765 dicere,
868 2691 915 2745 ne
931 2670 963 2745 e
981 2673 1015 2747 se
1029 2672 1100 2767 ipse
1114 2676 1256 2751 damna-

185 2784 266 2855 ret,
299 2768 398 2859 quod
424 2768 492 2840 illis
514 2780 643 2839 contra
667 2767 891 2845 interdictum
916 2774 1253 2871 communicassent,

187 2870 315 2965 quibus
337 2868 603 2941 communicare
622 2867 724 2938 nullo
748 2890 878 2965 genere
903 2886 1106 2963 oporteret.

290 2990 345 3061 ¹7·
371 2967 509 3041 Verum
529 2987 597 3038 nos
617 2968 747 3040 iterum
774 2969 855 3041 illos
874 2986 981 3061 atque
1003 2975 1132 3043 iterum
1148 2992 1251 3069 toga·

183 3070 329 3160 bantus,
363 3088 408 3140 ne
428 3065 528 3140 suma
547 3066 728 3157 solidaque
747 3082 1007 3161 concuterent,
1040 3093 1086 3143 ne
1106 3070 1253 3145 subver-

181 3180 305 3243 terent
326 3170 461 3264 legen,
498 3187 566 3237 nec
584 3167 662 3257 jtrra
678 3166 800 3239 divina
818 3171 1025 3263 turbarent,
1061 3192 1107 3243 ne
1126 3172 1252 3246 cunila

180 3270 466 3357 confunderent,
493 3282 599 3355 atque
615 3264 846 3339 traditionem
866 3266 1030 3343 liceretne
1046 3292 1092 3340 ne
1105 3272 1253 3361 quidem

181 3371 326 3445 modica
341 3388 431 3462 pace
448 3366 676 3439 frustrarent:
704 3363 761 3437 sed
779 3389 846 3439 nec
864 3366 1134 3442 novantsctiam
1149 3372 1250 3441 indu·

182 3482 331 3559 cerent,
365 3483 427 3538 aut
449 3465 694 3537 Orientalibus
715 3465 890 3559 episcopis
916 3466 1160 3560 Conciliisque
1177 3469 1251 3543 snu-

180 3566 328 3643 oiffinrs
352 3566 397 3639 rie
414 3564 619 3639 Occidente
643 3566 832 3638 venientes
856 3569 969 3657 aliqua
992 3571 1025 3639 in
1044 3584 1146 3660 parte
1160 3590 1249 3659 pree·

178 3684 375 3767 ponerent.
425 3664 479 3737 At
495 3666 691 3737 illicontra
704 3664 935 3756 despicientes
954 3670 1039 3746 hec,
1067 3670 1171 3739 nobis
1186 3671 1250 3741 nti-

176 3769 372 3849 nabantur,
399 3764 480 3839 &se
495 3764 726 3841 Athauufium
746 3766 778 3837 dt
798 3782 941 3837 ceteros
961 3768 1151 3838 sceleratos
1170 3768 1249 3839 rin·

178 3870 364 3943 diceturos
379 3868 657 3959 pollicebantur.
713 3866 818 3961 Quasi
839 3887 930 3938 vcro
945 3868 1037 3937 aliud
1052 3865 1172 3937 facere
1184 3880 1250 3939 aut

178 3969 300 4043 dicere
320 3966 482 4061 pollent,
521 3967 580 4055 qui
609 3962 801 4035 sceleratos
823 3986 948 4037 ornnes
969 3988 1008 4038 ac
1024 3966 1186 4059 perditos
1208 3967 1248 4039 in

175 4064 277 4143 suurn
297 4066 519 4139 consortium
537 4076 765 4153 receperunt.
819 4062 994 4137 Praeterea
1007 4066 1246 4159 ingentehoc

174 4182 322 4243 tumore
345 4176 580 4256 proponunt,
620 4164 767 4233 audacia
792 4168 913 4257 potius
944 4185 985 4235 ac
1015 4168 1244 4255 temeritrte,

177 4288 284 4361 quern
296 4266 452 4361 legitima
466 4260 771 4354 rationeproselli.
823 4265 1119 4355 Videntesenim,
1147 4264 1249 4354 quod

174 4365 222 4459 ii,
255 4366 316 4458 qui
337 4364 526 4437 damnatos
549 4363 747 4455 rccipiunt,
782 4362 818 4433 in
846 4363 1016 4437 oil'ensarn
1037 4368 1248 4452 crimenque

174 4467 378 4553 incurrunt,
405 4478 447 4535 ut
462 4466 662 4537 violatores
677 4462 870 4536 coelestium
888 4466 1020 4560 legum,
1048 4464 1106 4535 tali
1123 4460 1246 4535 audio-

172 4569 281 4639 ritate
294 4564 466 4657 judicium
488 4561 706 4636 constituere
722 4565 970 4651 conabantur,
1005 4581 1046 4635 ut
1067 4561 1137 4636 sese
1150 4562 1246 4654 judi·

162 4684 229 4733 cer
241 4667 412 4755 judicum
439 4664 559 4735 dicere
578 4664 739 4751 vellent,
775 4676 881 4753 atque
903 4684 1051 4753 eorum,
1089 4664 1149 4755 qui
1170 4664 1247 4754 jam

142 4774 235 4837 cvm
248 4760 461 4863 Deosttnt,
489 4762 588 4845 fifar
608 4760 676 4865 est,
701 4760 913 4843 senteutiam
924 4764 1107 4842 refricare.
1159 4760 1248 4839 Nor

338 4928 342 4934 .
1101 4880 1204 4935 uere
