2717 5709
152 1094 206 1183 se
322 1104 327 1115 ²
460 1046 880 1165 ·S.H1n·aa'rr

156 1238 332 1337 cestren
356 1238 456 1321 &en
470 1244 653 1323 sententiis
668 1244 867 1341 judicatum
883 1242 1089 1349 episcopum
1104 1246 1226 1331 osten·-

141 1340 695 1445 xsiilseeii'eirreprehensibilem.

262 1465 296 1537 7.
322 1444 567 1541 Meritoergo
586 1446 692 1521 acciti
708 1447 948 1543 frequenter,
962 1468 1040 1521 non
1058 1447 1127 1523 aust
1142 1446 1225 1527 sunt

157 1542 306 1619 venire:
331 1548 463 1621 merito
480 1544 889 1641 sugeruntcnnscientiae
903 1546 1224 1642 suaeimpuisuprae·

92 1694 106 1725 s
158 1644 309 1738 cipimti.
362 1642 463 1741 nuga
482 1647 576 1724 enim
597 1644 765 1723 falsitates
790 1646 866 1723 suaa
893 1644 1224 1743 confirmaverunt,

161 1741 200 1821 u
220 1742 320 1819 credi
336 1766 379 1819 ea
397 1744 584 1838 fecerunt,
618 1766 696 1838 quae
713 1744 902 1840 presentes
917 1744 1234 1825 accusatores.eo·-

158 1843 714 1923 cumdisemntaostendernnt.
767 1845 1005 1943 Qnidigitur?
1030 1846 1228 1940 Suprahac

162 1945 287 2019 omnia
299 1945 405 2019 etiam
422 1945 701 2041 oiimdeposrtos
714 1960 821 2036 atque
831 1946 963 2038 ejectos
977 1944 1227 2041 Ecclesrapro·

133 2047 136 2053 '
162 2056 249 2141 pter
268 2043 424 2123 haet'esim
438 2044 517 2119 Arii
535 2067 611 2121 non
634 2042 749 2121 solum
764 2044 1011 2138 susceperunt,
1045 2042 1228 2124 sedetiam

163 2142 391 2235 inmajorem
405 2158 659 2239 provexerunt
673 2146 835 2241 gradum,
858 2146 1178 2236 diaconesquidem
1191 2148 1229 2226 in

163 2244 447 2342 presbyterium,
473 2244 519 2319 de
537 2248 766 2347 presbyterio
781 2259 899 2323 autem
916 2247 951 2318 in
968 2242 1228 2340 episcopatum,

164 2359 321 2442 propter
336 2345 423 2421 nibil
440 2346 549 2437 alind,
575 2346 638 2423 niti
654 2362 696 2421 ut
710 2348 853 2441 impiam
872 2344 1068 2421 dobirinam
1081 2347 1230 2426 dilatare

164 2464 211 2521 ac
229 2440 449 2521 disseminare
463 2444 626 2539 possent,
659 2447 693 2520 u
713 2449 806 2542 piam
821 2461 1095 2544 corrumperent
1110 2442 1233 2527 fidem.

164 2541 261 2623 Sunt
273 2557 393 2620 autem
404 2544 553 2621 istorum
567 2546 649 2641 post
660 2544 847 2623 Eusebium
864 2548 937 2619 duo
948 2544 1111 2620 sonores
1124 2546 1234 2623 etiam

165 2640 390 2721 Theodorus
408 2648 452 2721 ab
470 2648 658 2740 Heraclia,
683 2644 866 2723 Narcissus
886 2668 905 2720 a
923 2646 1132 2723 Neroniade
1150 2644 1235 2721 cili·

166 2744 246 2829 oie,
271 2741 472 2839 Stephanus
488 2768 535 2825 ex
549 2747 760 2835 Antiochia,
788 2746 968 2844 Georgius
985 2768 1029 2823 ex
1048 2745 1237 2838 Laodicia,

166 2844 257 2923 licet
268 2844 398 2917 timens
410 2868 486 2922 non
503 2848 658 2925 adsuerit
674 2848 719 2921 de
731 2847 899 2935 Oriente,
927 2847 1081 2920 Aeacius
1101 2867 1145 2919 ex
1159 2842 1233 2916 Cae·

165 2942 487 3038 sustentamine,
513 2948 788 3040 Menophantus
802 2970 846 3021 ex
867 2942 1010 3036 Epheso
1028 2944 1138 3033 Abas,
1165 2943 1235 3017 Ur·

168 3040 282 3123 sacius
303 3068 324 3117 a
347 3045 545 3149 singiduno
566 3049 717 3139 istene,
746 3049 880 3122 Valens
897 3067 941 3121 ex
961 3044 1079 3116 Mursa
1095 3044 1237 3120 Panno·

167 3145 248 3225 oie.
300 3142 445 3224 Etenim
467 3147 621 3244 preditis
642 3150 769 3241 etiam,
806 3147 866 3238 qni
884 3147 928 3219 ab
945 3144 1097 3217 Oriente
1118 3142 1237 3220 secum

100 3244 103 3249 ’
168 3257 376 3339 venerunt,
412 3268 487 3321 non
510 3247 746 3341 permiserunt
775 3244 926 3319 sensium
951 3243 1154 3317 Concilium
1186 3245 1237 3315 in·

169 3357 289 3445 utre,
313 3367 432 3441 neque
453 3351 604 3423 omnino
617 3352 652 3420 in
674 3347 855 3421 ecclesiam
878 3345 947 3417 Dei
968 3343 1117 3419 sanilam
1138 3364 1241 3417 acce·

171 3445 271 3523 dere.
323 3446 524 3527 Venientes
549 3450 681 3523 etenim
707 3447 886 3524 Serdicam
911 3465 975 3537 per
1001 3444 1133 3540 singula
1155 3446 1241 3521 loca

170 3543 336 3639 synodos
361 3546 541 3626 faciebant
562 3552 657 3623 inter
683 3547 739 3639 se,
777 3543 1010 3639 &pastiones
1029 3567 1108 3622 cum
1128 3546 1239 3618 inter-

171 3644 457 3740 minationibus,
491 3666 533 3727 ut
553 3649 703 3724 omnino
724 3648 913 3725 venientes
930 3645 1108 3719 sardicam
1126 3642 1168 3716 ad
1187 3644 1243 3731 ju-

172 3744 306 3823 dicium
330 3768 407 3827 non
429 3753 666 3839 accederent,
704 3769 822 3840 neque
843 3749 878 3821 in
902 3767 1010 3818 unum
1032 3763 1111 3814 cum
1128 3738 1243 3818 sansia

174 3843 321 3945 synodo
336 3854 598 3930 convenirent:
626 3848 711 3927 &ad
729 3850 764 3924 id
778 3847 889 3922 solum
902 3854 1094 3919 venerunt,
1120 3853 1242 3916 cetum

172 3946 397 4043 presentiam
410 3949 502 4029 suam
517 3949 701 4045 quistatim
715 3948 894 4038 sugerunt.
946 3942 1033 4014 Haec
1048 3940 1141 4013 enim
1153 3938 1243 4015 scire

204 4047 361 4121 otuimua
382 4071 403 4128 a
423 4044 740 4127 consacerdotibus
759 4040 907 4123 nostris,
935 4036 1025 4116 Ario
1044 4039 1177 4115 scilicet
1195 4062 1243 4119 ex

172 4063 380 4238 {atestino
411 4147 595 4239 Stephano
613 4145 658 4219 de
672 4142 824 4220 Arabia:
863 4141 921 4233 qui
940 4162 1020 4216 cum
1036 4140 1113 4239 ipsis
1132 4163 1243 4214 vene.

75 4259 86 4290 ·
175 4252 266 4321 runt
285 4246 442 4339 quidem,
467 4247 526 4326 sed
541 4247 584 4321 ab
600 4266 726 4323 eornm
748 4238 894 4341 perfidia
908 4239 1137 4318 recesserunt.
1190 4241 1240 4317 Hi

175 4343 275 4423 enim
290 4348 478 4425 venientes
494 4349 529 4429 in
546 4344 695 4421 santiam
713 4340 909 4439 synodum,
938 4343 1146 4417 violentiam
1167 4340 1242 4430 qui·

177 4446 283 4539 dem,
310 4467 415 4543 quam
436 4446 695 4548 peni-merant,
723 4444 1056 4537 conquerebantum
1082 4440 1166 4511 nihii
1183 4457 1243 4509 an.

178 4556 255 4619 tem
285 4546 330 4624 rb
355 4546 435 4641 ipsis
463 4546 560 4625 rena
586 4547 641 4642 agi
665 4542 882 4622 atterebant:
919 4540 1108 4619 asserentes
1135 4538 1243 4617 etiam

177 4642 274 4724 hoe,
310 4648 409 4737 qnod
424 4648 537 4725 essent
556 4648 603 4724 ibi
619 4647 760 4741 plurimi
779 4641 882 4723 resim
896 4639 1003 4731 fidei,
1041 4639 1099 4730 qni
1120 4638 1244 4730 probi.

159 4740 415 4829 seomtnrtn
429 4749 515 4853 ipsu
531 4750 659 4834 venito
676 4746 720 4829 ad
736 4765 806 4829 nna
828 4743 1023 4849 propositis
1038 4738 1244 4855 intermina·

1087 4855 1199 4920 ttuna·
