2717 5709
194 1112 245 1193 ta
362 1168 365 1173 .
526 1096 653 1183 §.H
676 1120 695 1183 i
717 1122 743 1179 i.
766 1122 795 1181 a
818 1124 847 1195 u
867 1122 926 1183 ir

197 1250 397 1439 cremant?
428 1276 500 1339 nec
515 1260 566 1337 in·
572 1264 770 1360 proximis,
802 1268 864 1341 vel
882 1266 944 1343 ubi
963 1268 1190 1351 accusatores
1209 1276 1271 1355 ha·

197 1370 347 1457 luebant,
388 1362 1115 1467 edesendebantasedjuiitapciegrinoa,
1143 1376 1272 1455 &loir-

197 1491 245 1588 ge
259 1465 498 1565 aregionibua
507 1462 575 1539 suia
584 1464 723 1559 positos
735 1469 941 1563 ignorantes
951 1466 1130 1564 gestorum
1146 1473 1270 1565 fidem,

192 1565 322 1669 gustam
348 1564 561 1655 sententiam
583 1564 811 1639 conabantur
837 1564 1080 1664 perfringere,
1115 1574 1160 1647 ad
1184 1577 1271 1655 illos

195 1668 399 1756 reserentes
417 1666 514 1741 idus
529 1664 633 1761 suos,
656 1668 716 1761 qui
735 1666 817 1741 illoc
832 1672 1033 1759 peremnia
1049 1669 1269 1755 nesciebant.

197 1764 331 1845 Astute
346 1768 421 1843 boc
441 1766 591 1841 facium.
641 1766 804 1841 scientes
825 1766 920 1841 enim
937 1767 983 1842 de
1000 1768 1194 1867 iudicibus,
1221 1779 1270 1853 de

197 1864 491 1961 accusmoribua,
515 1866 561 1941 de
579 1862 728 1941 testibus
743 1866 879 1941 multos
896 1866 1088 1961 decessisse,
1115 1874 1196 1967 post
1209 1888 1272 1951 tot

197 1980 390 2061 tantasque
408 1964 626 2059 sententiaa,
650 1980 875 2059 putaverunt
889 1968 982 2039 aliud
998 1968 1194 2048 restaurare
1212 1976 1269 2067 ju.

196 2068 356 2162 dicium,
391 2068 563 2141 volentes
585 2064 682 2159 apud
698 2084 768 2140 nos
787 2065 924 2141 causam
945 2066 1091 2161 dicere,
1131 2076 1190 2166 qui
1208 2095 1270 2151 ne.

176 2188 271 2275 ,que
282 2166 367 2241 illos
376 2162 635 2255 excusavimus,
661 2186 780 2257 neque
784 2164 1036 2259 iudicavimus.
1090 2172 1269 2275 Quicnim

192 2268 473 2366 iudicauerunt,
494 2264 569 2359 jam
585 2263 631 2339 ad
647 2263 846 2341 Dominum
862 2287 1069 2359 perrexere.

303 2388 360 2443 12.
383 2366 597 2440 Voluerunt
612 2381 732 2441 autem
748 2365 856 2439 etiam
871 2362 1120 2443 Orientalibuc
1132 2366 1269 2463 episco-

195 2468 254 2565 pia
271 2466 303 2539 di
320 2466 476 2540 veniunt
490 2485 560 2560 pro
572 2464 752 2559 judicibus
767 2463 989 2561 defensores,
1014 2486 1084 2562 pro
1104 2467 1269 2545 defenso·

195 2570 296 2645 ribus
317 2568 391 2647 rei,
416 2585 465 2641 eo
481 2576 671 2659 tempore,
698 2586 779 2641 cum
798 2586 926 2643 eorum
942 2564 1101 2643 defensio
1114 2589 1190 2645 non
1205 2590 1269 2647 va·

193 2666 310 2753 lebat:
335 2665 490 2743 maxime
511 2685 593 2739 cuin
611 2678 701 2739 tunc
721 2666 865 2740 desendi
883 2668 1028 2742 minime
1043 2682 1268 2769 potuerunt,

195 2766 344 2861 quando
364 2766 449 2840 illos
470 2762 697 2841 accusatores
720 2766 769 2839 sui
787 2766 915 2841 faciem
933 2766 1120 2844 adfaciem
1143 2788 1268 2865 argue·

194 2868 295 2944 bant.
347 2864 1108 2963 Novamlegemintroduceieputaverunt,
1135 2866 1269 2942 utOii·

195 2970 334 3043 entalcs
356 2963 515 3061 episcopi
535 2966 579 3039 ab
596 2964 891 3039 Occidentalibua
906 2967 1164 3057 judicarentur.
1216 2966 1267 3044 Et

195 3068 375 3142 volebant
405 3063 571 3141 Ecclesia
591 3065 765 3158 judicium
789 3085 853 3157 per
874 3086 938 3139 eos
959 3064 1061 3161 posse
1081 3066 1266 3166 constare,

195 3169 259 3261 qui
279 3190 357 3242 non
375 3168 601 3241 camillorum
617 3164 887 3258 miserebantur,
915 3186 1019 3260 quain
1037 3165 1169 3240 astibus
1185 3165 1265 3247 suis.

194 3264 284 3355 Hoc
301 3270 423 3361 itaque
443 3264 567 3357 nefas,
595 3268 765 3358 quoniam
780 3286 970 3357 numquam
994 3269 1134 3359 recepit
1152 3269 1267 3341 eccle·

193 3366 329 3443 siastica
345 3365 545 3463 disciplina3
573 3365 789 3459 quesumus,
816 3364 1018 3440 dilectisimi
1034 3364 1196 3460 Fratres,
1223 3382 1267 3442 ut

192 3465 402 3543 sceleratam
420 3466 615 3560 pernicicm
635 3483 861 3556 conatusque
876 3467 1089 3541 mortiferos
1106 3468 1268 3562 perdito·

193 3588 275 3645 rum
290 3568 482 3641 nobiscum
499 3567 605 3641 etiam
625 3566 685 3661 ipsi
703 3567 888 3641 damnetis.

197 3724 207 3735 .
301 3688 355 3760 ¹3·
383 3664 529 3741 Etenim
554 3686 634 3739 cum
659 3667 775 3740 adliuc
793 3664 879 3739 esset
899 3663 1086 3760 episcopus
1108 3660 1267 3737 Athana·

193 3767 286 3861 sius,
322 3764 510 3861 Asclcpam
530 3766 731 3860 depositum
753 3769 810 3841 sua
836 3766 1009 3840 sententia
1034 3764 1105 3858 ipse
1124 3763 1266 3837 damna·

193 3869 263 3942 vit.
315 3864 438 3963 Sed&
461 3868 655 3941 Marcellus
673 3868 829 3941 similiter
842 3868 1093 3955 illinumquam
1106 3882 1265 3936 commu·

191 3966 342 4045 nicavit.
395 3966 525 4040 Paulus
546 3989 636 4039 vcro
653 3966 836 4038 Athanasii
854 3963 1071 4056 expositioni
1085 3964 1265 4058 interfuit,

192 4086 374 4157 manuque
398 4070 546 4160 propria
574 4064 785 4137 sententiam
811 4062 986 4151 scribens,
1026 4086 1107 4137 cum
1132 4067 1263 4139 ceteris

194 4184 278 4241 euni
302 4167 409 4238 etiam
437 4165 510 4256 ipse
530 4163 723 4236 damnavit.
777 4160 824 4233 Et
850 4162 1015 4252 quamdiu
1034 4164 1183 4257 quisque
1200 4184 1264 4236 eo·

142 4352 146 4363 Ι
192 4262 565 4359 rumcpiscopusfuit,
593 4259 1044 4356 suajudiciaconfirmavit.
1096 4263 1165 4336 Sed
1181 4283 1265 4337 cuin

191 4366 341 4441 diversis
364 4386 410 4437 ex
432 4364 541 4437 causis
566 4362 786 4454 diversisque
809 4366 1034 4455 temporibus
1053 4364 1177 4457 singuli
1201 4381 1266 4434 eo·

190 4486 273 4541 rum
297 4467 403 4563 digne
425 4466 471 4537 de
503 4462 658 4537 Ecclesia
680 4461 749 4536 suis
772 4465 995 4560 promeritis
1018 4464 1263 4557 pellerentur,

190 4568 365 4657 maiorem
381 4562 1168 4655 concordiamunaconspirarionefecerunt,
1198 4561 1265 4634 do-

178 4680 319 4736 nantes
336 4665 397 4738 libi
417 4666 569 4759 quisque
585 4662 725 4757 delida,
753 4686 843 4755 quar,
869 4684 951 4743 cum
962 4661 1119 4760 episcopi
1129 4662 1260 4760 essent,

156 4778 244 4849 pro
260 4762 487 4847 auctoritate
508 4769 636 4851 divina
652 4764 879 4849 damnarunt.
1101 4860 1150 4942 R

1024 4882 1087 4957 aq.
1147 4882 1222 4946 bln-
