2717 5709
193 541 2439 1019 m

276 1248 523 1308 xcvm
646 1195 654 1202 ’
915 1222 1419 1300 summam
1477 1221 1781 1301 Carsu

368 1396 373 1401 “
456 1386 579 1469 §Se
632 1406 926 1481 quoque
971 1387 1108 1461 hae
1153 1387 1227 1462 in
1274 1398 1486 1481 parte
1540 1385 1824 1461 Arianis
1871 1407 2025 1464 non
2070 1384 2416 1472 sociatum·

285 1511 428 1588 esse
482 1508 796 1584 ostendit
857 1502 1209 1582 Eusebius
1266 1504 1698 1600 Emesenus,
1776 1529 1937 1582 cum
1995 1511 2068 1584 in
2119 1513 2418 1588 laudato

285 1629 752 1706 Theodoreti
801 1646 1027 1724 opere
1058 1627 1195 1700 ait:
1261 1625 1411 1720 „Si
1452 1628 1709 1704 dixero
1744 1630 2088 1715 camelum
2117 1635 2419 1720 volare,

226 1730 235 1737 ’
288 1773 433 1827 ves
479 1749 811 1845 protinus
844 1743 1221 1824 absurdum
1252 1746 1529 1830 dicitis,
1583 1749 1744 1841 quia
1772 1762 2047 1823 naturae
2075 1772 2426 1855 noneonq

292 1873 535 1948 venit:
600 1868 670 1945 δι
721 1865 914 1975 reste
970 1866 1229 1942 facitis.
1348 1867 1422 1942 Si
1463 1867 1714 1940 dixero
1762 1869 2094 1946 homines
2138 1872 2212 1947 in
2247 1877 2424 1952 mari

287 1991 647 2085 habitare,
698 2009 853 2064 non
898 1987 1258 2083 toleratis,
1314 1985 1383 2059 δι
1410 1982 1602 2060 reete
1638 1987 1901 2091 facitis,
1951 2004 2203 2067 natura
2232 1998 2426 2074 enim

288 2131 445 2186 non
478 2110 772 2205 patitur.
870 2105 981 2182 lta
1020 2106 1071 2182 fi
1115 2106 1415 2199 dixero,
1466 2106 1661 2198 quod
1701 2109 1822 2181 illa
1854 2114 2211 2206 potentia,
2268 2137 2427 2206 quae

289 2231 394 2310 est
423 2243 591 2305 ante
622 2226 885 2321 secula,
939 2226 1007 2301 δι
1037 2242 1291 2300 natura
1324 2224 1443 2301 sua
1473 2227 1938 2323 incorporea,
1989 2229 2429 2326 &dignitate

284 2350 730 2449 impatibilis,
784 2347 852 2422 δι
893 2345 1081 2442 apud
1115 2345 1398 2423 Patrem
1438 2346 1506 2420 &
1539 2347 1625 2422 ad
1661 2347 2012 2437 dextram,
2061 2348 2128 2421 &
2160 2352 2232 2425 in
2267 2358 2426 2449 glo-

287 2475 435 2568 ria,
488 2472 540 2548 fi
576 2471 832 2546 dixero
877 2483 1205 2543 naturam
1229 2468 1422 2541 illam
1444 2468 1954 2562 incorpoream
1996 2470 2185 2566 pati,
2236 2493 2425 2548 non·

287 2615 384 2669 ne
420 2611 627 2667 aures
656 2589 934 2666 vestras
971 2586 1386 2663 obturatis?
1409 2589 1467 2630 “
1520 2588 1655 2666 dcc.
1695 2589 1830 2665 διο.

475 2771 618 2847 His
650 2766 1072 2866 perspeftis‚
1128 2770 1243 2843 cui
1272 2769 1414 2861 J'am
1449 2768 1844 2863 persuasum
1885 2788 2037 2843 non
2079 2770 2244 2864 erit,
2296 2770 2426 2846 Hi·

285 2894 538 2970 larium
587 2891 661 2964 in
714 2909 900 2964 unos
946 2889 1321 2987 respexisse
1378 2887 1993 2983 Theopaschitas‚
2081 2889 2149 2963 ἀ
2208 2913 2423 2970 unam

283 3015 521 3091 Verbi
567 3026 894 3086 naturam
953 3031 993 3083 a
1034 3009 1295 3084 dolore
1341 3010 1722 3085 immunem
1765 3010 2246 3085 demonstrare
2286 3034 2424 3085 vo-

287 3132 530 3228 luiss'e‚
604 3152 767 3205 cum
823 3130 986 3204 Lib.
1043 3151 1158 3206 ro.
1215 3132 1342 3203 teli
1398 3134 2013 3224 comparationem
2069 3129 2422 3206 instituit?

289 3254 367 3328 Si
403 3249 600 3344 quod
624 3251 810 3325 aliud
833 3252 1287 3347 privilegium
1306 3250 1385 3326 in.
1410 3249 1668 3324 eodem
1692 3251 1897 3342 loen,
1954 3250 2203 3325 aliisve
2227 3252 2424 3326 carni

292 3370 602 3447 assumtae
651 3373 1042 3444 attribuere
1077 3370 1451 3464 videatur,
1526 3392 1618 3444 eo
1664 3370 1894 3465 redit,
1968 3383 2051 3443 ut
2085 3371 2231 3444 hoc
2273 3387 2425 3447 tan·

290 3509 445 3568 tum
484 3493 715 3585 velit,
767 3490 966 3583 quod
1005 3491 1080 3562 in
1125 3499 1530 3564 memorato
1572 3490 1871 3565 tratiatu
1912 3489 2017 3566 Ps.
2048 3513 2166 3584 53.
2203 3499 2269 3586 §.
2311 3516 2424 3572 12.

291 3614 539 3700 docet,
595 3609 950 3684 Christum
985 3608 1259 3682 scilicet
1295 3611 1506 3683 etiam
1546 3609 1927 3685 secundum
1966 3633 2247 3689 carnem
2289 3638 2426 3687 vo-

288 3729 489 3806 luisse
532 3730 598 3804 se
626 3729 843 3824 magis
877 3725 1167 3823 passioni
1199 3727 1476 3821 subjici,
1531 3751 1737 3822 quam
1762 3733 2109 3809 coactum.
2212 3733 2417 3805 Nulli

160 3900 165 3904 -
287 3853 532 3945 itaque
579 3851 982 3946 ambiguum
1033 3846 1172 3922 ess'e
1194 3849 1340 3943 jam
1375 3848 1633 3945 debet,
1703 3856 1871 3945 quin
1906 3854 1971 3924 δε
2003 3853 2092 3922 de
2132 3850 2414 3923 Hilario

286 3990 469 4045 vera
513 3971 597 4047 fit
625 3971 779 4045 haec
807 3967 1269 4046 Theodoreti
1297 3980 1385 4043 e'x
1427 3968 1789 4064 Gregorio
1826 3968 1900 4040 N
1904 3965 2027 4059 yss'.
2065 3964 2417 4062 descripta

285 4089 672 4164 sententia:
739 4086 997 4183 „Cum
1043 4088 1307 4181 duplex
1350 4087 1418 4157 &
1457 4087 1778 4181 ambigua
1818 4086 1899 4159 lit
1948 4087 2243 4180 opinio,
2318 4089 2420 4164 di·

285 4209 690 4300 vinitasne,
746 4229 834 4280 an
864 4208 1259 4282 humanitas
1291 4200 1478 4298 pass'a
1514 4204 1639 4300 sit,
1691 4208 1895 4280 unius
1938 4204 2236 4299 reJettio
2278 4214 2416 4288 erit

285 4328 578 4405 alterius
615 4322 1173 4402 confirmati0.“

484 4504 840 4600 Synopsm
897 4506 1263 4600 adjicimus
1290 4554 1317 4598 ‚
1392 4503 1518 4577 vel
1570 4507 2154 4604 anacephaleofin
2214 4531 2416 4607 argu·

208 4642 219 4655 '
282 4640 736 4720 mentorum,
788 4627 1043 4719 quibus
1081 4622 1395 4699 Hilarius
1439 4625 1527 4699 de
1564 4629 1877 4721 pullione
1925 4630 2180 4704 Christi
2218 4631 2411 4707 reae

283 4745 553 4821 senfiss’e
568 4748 946 4844 probatur,
975 4759 1060 4821 ut
1077 4746 1376 4857 quisque
1394 4768 1477 4821 ea
1495 4750 1826 4825 recolere
1846 4750 2120 4825 facilius
2141 4754 2409 4831 valeat.

2061 4870 2303 4949 Primo
