2717 5709
229 949 320 1010 mv
449 927 451 937 '
545 891 797 1012 souuerse
828 929 984 1010 Cerere
1082 965 1089 980 =

226 1092 295 1178 ibi
308 1091 413 1187 ruit,
443 1089 507 1168 miii
521 1091 640 1186 quod,
667 1113 749 1170 cum
768 1093 887 1187 iilius,
915 1065 1082 1186 euicere
1097 1091 1200 1177 Deus
1218 1095 1283 1192 est,

231 1233 356 1290 veram
375 1231 518 1296 curnem
534 1209 722 1306 sumimus,
754 1215 946 1324 habemus,
973 1218 1068 1292 unde
1088 1238 1169 1293 cum
1192 1223 1283 1292 Patre

230 1335 462 1428 copulemur:
489 1336 571 1426 quia
589 1355 654 1426 per
670 1352 792 1408 veram
808 1331 938 1410 Christi
954 1357 1098 1412 carnem
1116 1341 1219 1412 nobis
1230 1343 1283 1416 im

106 1549 114 1562 ι
227 1454 397 1552 pertitam
416 1457 454 1528 in
473 1474 520 1528 eo
542 1451 680 1545 sumus,
707 1457 766 1547 qui
787 1477 849 1548 per
864 1469 1026 1532 naturam
1045 1459 1238 1531 divinitatis
1254 1459 1283 1532 ir

227 1575 315 1652 Deo
324 1573 430 1652 Patre
438 1571 501 1650 est.
551 1573 679 1666 Sicque
688 1577 859 1652 naturalis
868 1597 933 1670 per
942 1574 1196 1653 sacramentum
1208 1597 1283 1670 pro·

225 1697 360 1792 prietes
389 1691 555 1788 perfecie
581 1693 838 1773 incrementum
857 1695 909 1770 est
925 1696 1088 1771 unitatis:
1124 1697 1283 1774 horest.

225 1815 383 1912 proprie
402 1807 661 1892 carnir'Christi
679 1829 830 1906 nutura,
845 1829 852 1867 ἰ
864 1835 929 1905 per
949 1814 1202 1890 sacramentum
1220 1814 1283 1894 Eu

227 1933 398 2012 chrriiiiae
416 1935 523 2009 nobis
545 1935 720 2030 prestita,
747 1935 932 2012 vinculum
947 1933 1000 2010 est
1014 1933 1181 2030 perfodio
1195 1936 1283 2016 inter

224 2075 319 2149 uos,
343 2050 542 2136 Christum,
568 2076 610 2130 ec
635 2054 776 2130 Petrem
802 2055 959 2134 unitetis.

325 2172 468 2248 Frustra
484 2176 592 2274 igitur
610 2175 791 2250 Scuiretus
809 2195 890 2250 eum
908 2173 1130 2270 sermonem,
1160 2177 1198 2252 io
1215 2199 1283 2270 qur

226 2293 264 2372 se
276 2293 432 2372 Hilarius
448 2296 494 2371 de
513 2295 634 2372 nostra
649 2317 730 2370 cum
747 2294 833 2369 Deo
848 2314 915 2388 per
927 2293 1283 2376 Eucheristirmcom

226 2419 400 2496 munione
415 2417 541 2510 loqui,
568 2429 640 2508 rot,
666 2431 811 2508 tamque
827 2411 974 2491 diverfis
986 2415 1104 2492 modic
1118 2414 1283 2494 declarat

224 2554 304 2612 noo
327 2535 373 2611 de
393 2534 560 2630 symbolo
581 2555 712 2628 cunc,
743 2535 804 2612 sed
822 2537 867 2611 de
881 2533 1039 2628 quodem
1057 2536 1180 2632 glorie
1202 2555 1283 2614 con·

224 2652 339 2762 fortio
361 2654 491 2732 dietum
507 2655 577 2733 eise
597 2657 801 2732 contendit„
850 2655 983 2747 Neque
1002 2674 1097 2728 vero
1114 2654 1152 2729 io
1165 2656 1283 2732 concie

223 2773 1060 2872 illainterpretationeconstrreipsesrbipotuit.
1111 2771 1283 2854 Ubienirr

222 2897 347 2974 locum
377 2896 496 2993 attigit
517 2900 684 2993 proxime
707 2896 872 2971 silatum:
904 2891 1098 2988 „Nosque
1118 2914 1207 2969 vere
1228 2893 1282 2975 soi

177 3043 186 3054 =
222 3013 394 3110 mysterio
417 3035 561 3094 carnem
582 3017 750 3111 corporis
771 3012 822 3088 sui
845 3011 1059 3090 sumimuc.“
1109 3010 1280 3092 Concedi

219 3135 367 3210 tandem
386 3136 500 3227 ,etiam
522 3135 760 3232 superiorem:
783 3134 923 3229 „Vere
941 3153 1011 3206 nos
1027 3133 1192 3208 Verbum
1214 3156 1282 3212 car

221 3275 306 3334 mem
331 3255 416 3329 cibo
446 3255 643 3332 Dominico
667 3254 893 3343 sumimus;“
919 3251 1049 3330 diiium
1069 3250 1140 3329 effe
1169 3254 1216 3330 de
1245 3257 1282 3334 sa

223 3387 409 3452 eramento
430 3395 551 3450 coenu.
602 3374 966 3452 inhocenimritero
981 3373 1281 3468 schebereputat

220 3496 318 3572 uode
339 3493 461 3570 fucum
483 3495 613 3589 iaciat,
640 3498 722 3588 quia
739 3495 776 3569 im
796 3515 843 3570 eo
861 3494 1036 3588 adjeiium
1054 3495 1217 3586 reperite
1236 3498 1280 3580 [u

221 3615 373 3716 mysterio.
428 3613 536 3715 Quafi
553 3633 647 3690 vcro
666 3615 821 3708 nudem,
847 3613 882 3690 dr
900 3615 1048 3688 modam
1062 3608 1190 3683 Christi
1215 3630 1281 3688 car

219 3755 324 3828 mem,
359 3733 394 3810 dr
419 3755 495 3810 non
512 3731 573 3810 sub
595 3733 763 3828 mysticis
776 3732 961 3823 speciebus
983 3729 1138 3806 velarem
1157 3729 1195 3802 in
1213 3729 1281 3806 ho·

220 3853 443 3934 sacramento
468 3873 537 3928 nos
564 3855 728 3945 occipere
746 3846 905 3922 Ecclefir
925 3866 1082 3939 umquem
1098 3847 1278 3927 docuerit

221 3989 284 4050 eut
302 3971 506 4046 crediderit.
556 3967 625 4042 Sed
646 3968 670 4042 sr
688 3969 808 4062 piacet
823 3970 861 4041 in
876 3986 953 4044 uuo
969 3970 1080 4056 ioco,
1099 3969 1161 4060 sui
1176 3971 1279 4065 ›nysi‹

221 4099 291 4168 rior
317 4092 506 4185 praecaria
524 4104 699 4178 utroque:
723 4090 1118 4183 caeromenjemimuq
1142 4089 1280 4182 plocen

219 4213 417 4306 imprimo:
441 4234 515 4282 vere
540 4209 676 4286 iisdem
696 4209 1004 4300 recommissum
1028 4205 1181 4298 hocest,
1208 4229 1280 4289 cam

220 4333 329 4430 ipsam
348 4351 508 4420 carnem,
535 4349 639 4422 quem
664 4329 828 4404 Verbum
850 4350 897 4406 ex
920 4328 1036 4404 Maria
1051 4328 1124 4420 jem
1148 4327 1214 4402 fibi
1236 4330 1279 4409 in

219 4451 449 4550 stpmrbiiem
466 4446 625 4524 effumsrt.
690 4445 821 4544 Certe,
853 4452 913 4544 qui
929 4465 1052 4526 totum
1073 4446 1204 4524 Hilarii
1230 4451 1279 4528 io

222 4595 305 4652 cum
322 4573 518 4672 expendet,
541 4563 1080 4650 ‚iiiurocredidiiieoooinficirr
1093 4565 1192 4662 ierit,
1218 4588 1279 4647 uo

1197 4709 1241 4765 ur
