2717 5709
272 1268 393 1327 tv
943 1246 1454 1325 Summanu
1519 1244 1825 1325 Caius

286 1410 512 1507 pses‚
583 1411 651 1485 δι
695 1412 819 1487 ubi
858 1430 1018 1485 vox
1060 1410 1293 1503 aliqua
1352 1408 1629 1485 duabus
1661 1400 2455 1509 phraiibuarepetendi!

297 1532 534 1627 estet,
604 1553 689 1604 ea
733 1532 922 1604 inter
960 1546 1338 1624 utramque
1382 1532 1480 1606 ita
1525 1530 1974 1629 collocatur,
2045 1550 2130 1609 ut
2162 1522 2455 1632 respon·

302 1652 481 1730 deat
534 1653 844 1742 utrique.
960 1648 1251 1725 Lestori
1305 1653 1517 1724 etiam
1561 1650 1917 1726 interdum
1969 1652 2454 1733 incommodae

308 1768 477 1851 sunt
509 1772 876 1847 nonnuilae
908 1772 1303 1843 verborum
1340 1768 1766 1845 metathcses
1787 1823 1814 1863 ‚
1884 1756 2096 1869 ditm,
2169 1796 2324 1870 quae
2359 1796 2454 1855 ex

310 1914 571 1971 natura
608 1892 953 1968 sermonis
992 1890 1357 1964 coba-rere
1399 1891 1748 1983 proximis
1781 1893 2024 2003 verbis
2057 1894 2454 1997 deberent,

314 2016 405 2091 ad
470 2036 599 2109 ea,
674 2032 828 2105 quae
816 2000 1157 2107 ‘longius
1208 2010 1508 2104 distant,
1581 2008 1826 2103 saepius
1883 2010 2016 2085 {int
2051 2016 2452 2101 referenda.

309 2124 886 2225 Nonnunquam,
936 2132 1161 2203 rarius
1184 2140 1456 2227 tamen,
1489 2130 1946 2227 negliguntur
1962 2132 2172 2211 etiam
2201 2136 2455 2217 Gram‘·

310 2256 590 2335 maticae
616 2256 836 2349 leges.
984 2270 989 2275 ·

515 2372 695 2451 Non
748 2371 953 2467 pauci
1008 2366 1187 2441 tales
1226 2368 1415 2441 naevi
1454 2366 1798 2444 videntur
1841 2366 1965 2467 ipii
2002 2368 2292 2467 ingenio
2325 2372 2455 2450 Hi-

311 2496 471 2574 larii
521 2492 715 2569 facili
765 2492 832 2566 &
886 2484 1206 2565 fecundo
1257 2485 1702 2563 adscribendi
1747 2486 1932 2579 ess'e3
1983 2488 2313 2566 festinare
2343 2492 2455 2568 so·

310 2623 514 2709 lent,
578 2612 695 2706 qui
742 2608 1095 2702 eiusmodi
1140 2604 1303 2682 sunt
1349 2608 1662 2703 ingenii,
1719 2608 2097 2705 homines,
2146 2632 2451 2765 parere?

315 2734 516 2834 quod
552 2730 862 2806 ubertim
902 2728 1147 2803 animo
1188 2742 1710 2823 conceperunt.

380 2870 389 2877 ·
512 2840 1047 2928 obscuritatem
1106 2862 1400 2941 quo‘que
1461 2850 1649 2945 parit
1711 2868 1988 2941 rerum,
2068 2850 2160 2927 de
2193 2854 2450 2947 quibus

311 2976 628 3055 Hilarius
664 2968 968 3061 disserit,
1020 2964 1429 3045 sublimitas.
1530 2966 1716 3046 Fere
1751 2975 1940 3047 enim
1979 2984 2183 3047 totus
2207 2970 2310 3047 est
2326 2962 2452 3049 au't

314 3099 391 3172 in
420 3082 1560 3183 reconditioribus'scripturarum
1591 3080 1896 3166 sensibus
1915 3093 2275 3186 eruendis,
2325 3100 2452 3169 aut

314 3216 392 3293 in
467 3210 824 3289 afferenda
873 3206 1099 3283 Patris
1156 3208 1223 3283 ἅ
1278 3206 1406 3283 filii
1465 3224 1619 3288 tum
1671 3202 2450 3323 consubstantialitate}

319 3350 477 3439 tum
510 3327 985 3423 discretione,
1053 3348 1198 3422 quo
1234 3329 1518 3423 quidem
1549 3332 1729 3408 nihil
1761 3330 2169 3429 abstrufius,
2235 3330 2455 3409 subti-

316 3458 456 3535 lius
489 3452 663 3530 nihil
698 3448 1001 3547 cogitari
1033 3444 1295 3545 potest.

520 3571 655 3650 His
692 3568 1013 3663 accedit,
1086 3568 1329 3660 quod
1310 3588 1382 3642 m
1415 3564 1544 3652 iis,
1614 3562 1770 3663 quiz
1796 3566 2093 3666 tractat,
2151 3570 2451 3649 Latino·

316 3716 476 3773 rum
506 3710 749 3778 nemo,
800 3710 1010 3782 quem
1029 3689 1455 3772 imitaretur
1507 3710 1573 3763 ei
1598 3692 1985 3783 praeiverit
2087 3688 2199 3766 Ex
2224 3692 2448 3767 omni·

316 3840 440 3893 um
478 3816 744 3910 quippe
786 3806 1128 3884 consensu
1162 3807 1475 3883 Arianos
1505 3806 1856 3907 aggi-effus
1894 3807 1996 3883 est
2020 3808 2448 3889 Latinorum

318 3938 637 4033 primus,
711 3944 797 4005 ut
844 3932 1105 4007 merito
1160 3928 1654 4023 Hieronymus
1704 3928 2036 4003 adversus
2085 3928 2447 4033 Ruffinum

323 4056 485 4131 Lib.
529 4054 643 4129 11.·
671 4074 832 4127 eum
877 4052 1249 4143 appellarit
1296 4062 1556 4122 contra
1589 4046 1904 4121 Arianos
1947 4050 2150 4124 latini
2183 4038 2444 4128 sermo*—

319 4175 429 4250 nis
468 4152 734 4246 tubam.
840 4170 1111 4245 Primus
1142 4166 1788 4260 quoque‚1fidoro
1831 4166 2037 4263 testo,
2087 4190 2182 4244 ex
2209 4172 2446 4249 latinis

324 4294 632 4389 scriptor
676 4292 1109 4383 hymnorum
1158 4288 1330 4361 fuit.
1409 4287 1680 4363 Primus
1711 4288 1936 4364 'etiam
1969 4290 2042 4364 in
2093 4310 2222 4366 eos
2261 4292 2446 4366 Scri-

323 4412 648 4509 pturaeS.
679 4410 936 4502 libros,
991 4426 1171 4498 quos
1199 4410 1676 4499 exponendos
1702 4402 2028 4503 suscepit,
2080 4431 2444 4487 commen-

302 4548 544 4625 ·tatus,
596 4528 837 4603 saltem
870 4530 1159 4619 nullius,
1214 4546 1424 4620 quem
1449 4528 2268 4624 anteoculoshabuerit,
2321 4548 2446 4607 aut

318 4652 464 4725 tale
503 4648 763 4743 aliquid
820 4642 1182 4740 suscepisse
1232 4640 1564 4740 sciverit,
1625 4650 2034 4742 interpretis
2079 4652 2446 4728 imitator.

318 4772 523 4865 eujus
556 4769 838 4877 quidem
880 4766 1149 4841 ordinis
1188 4766 1684 4863 praerogativae
1717 4766 1998 4844 Hilario
2039 4772 2438 4847 tribuendae

314 4890 683 5037 indicium
702 4886 847 4984 est,
922 4884 1119 4981 quod
1165 4884 1562 4963 Mathaeum
1602 4886 1968 4987 explicans
1999 4888 2438 4973 Orationem

2102 5014 2336 5091 domi·
