<?xml version="1.0" encoding="UTF-8"?>
<!DOCTYPE html PUBLIC "-//W3C//DTD XHTML 1.0 Transitional//EN"
    "http://www.w3.org/TR/xhtml1/DTD/xhtml1-transitional.dtd">
<html xmlns="http://www.w3.org/1999/xhtml" xml:lang="en" lang="en">
 <head>
  <title>
</title>
<meta http-equiv="Content-Type" content="text/html;charset=utf-8" />
  <meta name='ocr-system' content='tesseract 3.04.00' />
  <meta name='ocr-capabilities' content='ocr_page ocr_carea ocr_par ocr_line ocrx_word'/>
</head>
<body>
  <div class='ocr_page' id='page_1' title='image "./operaomniasanct02librgoog_0202.png"; bbox 0 0 2717 5709; ppageno 0'>
   <div class='ocr_carea' id='block_1_1' title="bbox 168 1060 898 1175">
    <p class='ocr_par' dir='ltr' id='par_1_1' title="bbox 168 1060 898 1175">
     <span class='ocr_line' id='line_1_1' title="bbox 168 1060 898 1175; baseline 0.003 -16"><span class='ocrx_word' id='word_1_1' title='bbox 168 1090 219 1175; x_wconf 69' lang='lat' dir='ltr'>ea</span> <span class='ocrx_word' id='word_1_2' title='bbox 492 1076 545 1161; x_wconf 79' lang='grc' dir='ltr'>ἐ.</span> <span class='ocrx_word' id='word_1_3' title='bbox 593 1060 898 1161; x_wconf 78' lang='lat' dir='ltr'>H‘aaaarr</span> 
     </span>
    </p>
   </div>
   <div class='ocr_carea' id='block_1_2' title="bbox 166 1242 1244 1345">
    <p class='ocr_par' dir='ltr' id='par_1_2' title="bbox 166 1242 1244 1345">
     <span class='ocr_line' id='line_1_2' title="bbox 166 1242 1244 1345; baseline 0.005 -22"><span class='ocrx_word' id='word_1_4' title='bbox 166 1260 234 1323; x_wconf 75' lang='lat' dir='ltr'>tra</span> <span class='ocrx_word' id='word_1_5' title='bbox 247 1242 318 1321; x_wconf 87' lang='lat' dir='ltr'>sese</span> <span class='ocrx_word' id='word_1_6' title='bbox 331 1242 551 1321; x_wconf 86' lang='lat' dir='ltr'>scinderetur</span> <span class='ocrx_word' id='word_1_7' title='bbox 560 1242 736 1320; x_wconf 75' lang='lat' dir='ltr'>Ecclesia:</span> <span class='ocrx_word' id='word_1_8' title='bbox 762 1260 826 1320; x_wconf 90' lang='lat' dir='ltr'>aut</span> <span class='ocrx_word' id='word_1_9' title='bbox 839 1247 862 1323; x_wconf 79' lang='lat' dir='ltr'>A</span> <span class='ocrx_word' id='word_1_10' title='bbox 877 1248 913 1321; x_wconf 88' lang='lat' dir='ltr'>in</span> <span class='ocrx_word' id='word_1_11' title='bbox 926 1246 984 1341; x_wconf 87' lang='lat' dir='ltr'>iis,</span> <span class='ocrx_word' id='word_1_12' title='bbox 1012 1247 1072 1341; x_wconf 91' lang='lat' dir='ltr'>qui</span> <span class='ocrx_word' id='word_1_13' title='bbox 1086 1248 1244 1345; x_wconf 78' lang='lat' dir='ltr'>proipsa</span> 
     </span>
    </p>
   </div>
   <div class='ocr_carea' id='block_1_3' title="bbox 155 1344 1255 4737">
    <p class='ocr_par' dir='ltr' id='par_1_3' title="bbox 155 1344 1255 4539">
     <span class='ocr_line' id='line_1_3' title="bbox 174 1344 1244 1439; baseline 0.005 -16"><span class='ocrx_word' id='word_1_14' title='bbox 174 1360 332 1439; x_wconf 85' lang='lat' dir='ltr'>certant,</span> <span class='ocrx_word' id='word_1_15' title='bbox 357 1359 475 1421; x_wconf 87' lang='lat' dir='ltr'>metus</span> <span class='ocrx_word' id='word_1_16' title='bbox 493 1344 563 1418; x_wconf 89' lang='lat' dir='ltr'>Dei</span> <span class='ocrx_word' id='word_1_17' title='bbox 579 1344 680 1439; x_wconf 77' lang='lat' dir='ltr'>esset,</span> <span class='ocrx_word' id='word_1_18' title='bbox 707 1346 837 1421; x_wconf 75' lang='lat' dir='ltr'>etiamsi</span> <span class='ocrx_word' id='word_1_19' title='bbox 853 1348 942 1421; x_wconf 89' lang='lat' dir='ltr'><strong>nihil</strong></span> <span class='ocrx_word' id='word_1_20' title='bbox 958 1346 1027 1423; x_wconf 87' lang='lat' dir='ltr'>else</span> <span class='ocrx_word' id='word_1_21' title='bbox 1043 1348 1244 1428; x_wconf 79' lang='lat' dir='ltr'><strong>damnabile</strong></span> 
     </span>
     <span class='ocr_line' id='line_1_4' title="bbox 155 1444 1243 1545; baseline 0.007 -26"><span class='ocrx_word' id='word_1_22' title='bbox 155 1450 272 1543; x_wconf 74' lang='lat' dir='ltr'>,apud</span> <span class='ocrx_word' id='word_1_23' title='bbox 289 1444 386 1541; x_wconf 89' lang='lat' dir='ltr'>ipsos</span> <span class='ocrx_word' id='word_1_24' title='bbox 405 1448 652 1538; x_wconf 88' lang='lat' dir='ltr'>inveniretur,</span> <span class='ocrx_word' id='word_1_25' title='bbox 678 1459 797 1520; x_wconf 89' lang='lat' dir='ltr'>tamen</span> <span class='ocrx_word' id='word_1_26' title='bbox 815 1447 848 1519; x_wconf 77' lang='lat' dir='ltr'>u</span> <span class='ocrx_word' id='word_1_27' title='bbox 868 1448 965 1539; x_wconf 91' lang='lat' dir='ltr'>quod</span> <span class='ocrx_word' id='word_1_28' title='bbox 984 1449 1243 1545; x_wconf 88' lang='lat' dir='ltr'>propteripsos</span> 
     </span>
     <span class='ocr_line' id='line_1_5' title="bbox 172 1542 1244 1639; baseline 0.007 -20"><span class='ocrx_word' id='word_1_29' title='bbox 172 1547 296 1621; x_wconf 85' lang='lat' dir='ltr'>unitas</span> <span class='ocrx_word' id='word_1_30' title='bbox 314 1542 479 1619; x_wconf 82' lang='lat' dir='ltr'>Ecclesiae</span> <span class='ocrx_word' id='word_1_31' title='bbox 492 1542 687 1637; x_wconf 86' lang='lat' dir='ltr'>scinditur,</span> <span class='ocrx_word' id='word_1_32' title='bbox 713 1548 915 1639; x_wconf 83' lang='lat' dir='ltr'>&amp;propter</span> <span class='ocrx_word' id='word_1_33' title='bbox 933 1546 1088 1623; x_wconf 90' lang='lat' dir='ltr'>insanam</span> <span class='ocrx_word' id='word_1_34' title='bbox 1105 1552 1244 1627; x_wconf 83' lang='lat' dir='ltr'><strong>rabiem</strong></span> 
     </span>
     <span class='ocr_line' id='line_1_6' title="bbox 174 1645 1244 1747; baseline 0.004 -28"><span class='ocrx_word' id='word_1_35' title='bbox 174 1645 481 1737; x_wconf 80' lang='lat' dir='ltr'>cupiditatemque</span> <span class='ocrx_word' id='word_1_36' title='bbox 502 1646 685 1719; x_wconf 90' lang='lat' dir='ltr'>honorum</span> <span class='ocrx_word' id='word_1_37' title='bbox 711 1668 779 1742; x_wconf 82' lang='lat' dir='ltr'>pax</span> <span class='ocrx_word' id='word_1_38' title='bbox 804 1647 986 1740; x_wconf 84' lang='lat' dir='ltr'>profunde</span> <span class='ocrx_word' id='word_1_39' title='bbox 1002 1646 1244 1747; x_wconf 83' lang='lat' dir='ltr'>subvertitur,</span> 
     </span>
     <span class='ocr_line' id='line_1_7' title="bbox 173 1746 912 1837; baseline 0.001 -17"><span class='ocrx_word' id='word_1_40' title='bbox 173 1748 337 1821; x_wconf 83' lang='lat' dir='ltr'>execrari</span> <span class='ocrx_word' id='word_1_41' title='bbox 354 1767 420 1819; x_wconf 90' lang='lat' dir='ltr'>eos</span> <span class='ocrx_word' id='word_1_42' title='bbox 435 1766 476 1817; x_wconf 93' lang='lat' dir='ltr'>ac</span> <span class='ocrx_word' id='word_1_43' title='bbox 491 1747 709 1837; x_wconf 87' lang='lat' dir='ltr'>perhorrere</span> <span class='ocrx_word' id='word_1_44' title='bbox 727 1746 912 1821; x_wconf 88' lang='lat' dir='ltr'>deberent.</span> 
     </span>
     <span class='ocr_line' id='line_1_8' title="bbox 175 1844 1247 1943; baseline 0.003 -23"><span class='ocrx_word' id='word_1_45' title='bbox 175 1882 180 1893; x_wconf 94' lang='lat'><em>·</em></span> <span class='ocrx_word' id='word_1_46' title='bbox 279 1866 337 1937; x_wconf 80' lang='lat'>23.</span> <span class='ocrx_word' id='word_1_47' title='bbox 363 1844 454 1919; x_wconf 90' lang='lat' dir='ltr'>Cum</span> <span class='ocrx_word' id='word_1_48' title='bbox 473 1846 525 1917; x_wconf 89' lang='lat' dir='ltr'>ita</span> <span class='ocrx_word' id='word_1_49' title='bbox 538 1866 595 1917; x_wconf 87' lang='lat' dir='ltr'>res</span> <span class='ocrx_word' id='word_1_50' title='bbox 611 1863 755 1917; x_wconf 89' lang='lat' dir='ltr'>currere</span> <span class='ocrx_word' id='word_1_51' title='bbox 772 1846 992 1941; x_wconf 88' lang='lat' dir='ltr'>videremus,</span> <span class='ocrx_word' id='word_1_52' title='bbox 1019 1845 1062 1920; x_wconf 94' lang='lat' dir='ltr'>ad</span> <span class='ocrx_word' id='word_1_53' title='bbox 1082 1846 1173 1923; x_wconf 91' lang='lat' dir='ltr'>suam</span> <span class='ocrx_word' id='word_1_54' title='bbox 1185 1872 1247 1943; x_wconf 90' lang='lat' dir='ltr'>pa·</span> 
     </span>
     <span class='ocr_line' id='line_1_9' title="bbox 174 1943 1247 2041; baseline 0.004 -22"><span class='ocrx_word' id='word_1_55' title='bbox 174 1946 282 2019; x_wconf 84' lang='lat' dir='ltr'>triam</span> <span class='ocrx_word' id='word_1_56' title='bbox 297 1947 436 2041; x_wconf 80' lang='lat' dir='ltr'>regredi</span> <span class='ocrx_word' id='word_1_57' title='bbox 454 1943 616 2019; x_wconf 86' lang='lat' dir='ltr'>nostrum</span> <span class='ocrx_word' id='word_1_58' title='bbox 632 1948 877 2037; x_wconf 88' lang='lat' dir='ltr'>unusquisque</span> <span class='ocrx_word' id='word_1_59' title='bbox 890 1946 1071 2021; x_wconf 84' lang='lat' dir='ltr'>decrevitt</span> <span class='ocrx_word' id='word_1_60' title='bbox 1098 1951 1247 2039; x_wconf 89' lang='lat' dir='ltr'>placuit·</span> 
     </span>
     <span class='ocr_line' id='line_1_10' title="bbox 175 2040 1248 2143; baseline 0.004 -24"><span class='ocrx_word' id='word_1_61' title='bbox 175 2065 248 2139; x_wconf 88' lang='lat' dir='ltr'>que</span> <span class='ocrx_word' id='word_1_62' title='bbox 265 2046 371 2119; x_wconf 90' lang='lat' dir='ltr'>nobis</span> <span class='ocrx_word' id='word_1_63' title='bbox 387 2044 433 2119; x_wconf 89' lang='lat' dir='ltr'>de</span> <span class='ocrx_word' id='word_1_64' title='bbox 448 2044 594 2117; x_wconf 80' lang='lat' dir='ltr'>Serdica</span> <span class='ocrx_word' id='word_1_65' title='bbox 609 2040 784 2129; x_wconf 90' lang='lat' dir='ltr'>scribere,</span> <span class='ocrx_word' id='word_1_66' title='bbox 810 2045 845 2119; x_wconf 72' lang='lat' dir='ltr'>tr</span> <span class='ocrx_word' id='word_1_67' title='bbox 860 2067 922 2141; x_wconf 90' lang='lat' dir='ltr'>ea,</span> <span class='ocrx_word' id='word_1_68' title='bbox 949 2066 1026 2139; x_wconf 82' lang='lat' dir='ltr'>que</span> <span class='ocrx_word' id='word_1_69' title='bbox 1041 2046 1136 2143; x_wconf 87' lang='lat' dir='ltr'>gesta</span> <span class='ocrx_word' id='word_1_70' title='bbox 1152 2048 1248 2133; x_wconf 89' lang='lat' dir='ltr'>sunt,</span> 
     </span>
     <span class='ocr_line' id='line_1_11' title="bbox 175 2140 1246 2237; baseline -0.001 -15"><span class='ocrx_word' id='word_1_71' title='bbox 175 2145 365 2237; x_wconf 84' lang='lat' dir='ltr'>nuntiare,</span> <span class='ocrx_word' id='word_1_72' title='bbox 400 2143 630 2237; x_wconf 87' lang='lat' dir='ltr'>nostramque</span> <span class='ocrx_word' id='word_1_73' title='bbox 657 2140 866 2221; x_wconf 86' lang='lat' dir='ltr'>sententiam</span> <span class='ocrx_word' id='word_1_74' title='bbox 899 2147 1091 2223; x_wconf 87' lang='lat' dir='ltr'>declarare.</span> <span class='ocrx_word' id='word_1_75' title='bbox 1161 2148 1246 2221; x_wconf 92' lang='lat' dir='ltr'>Nos</span> 
     </span>
     <span class='ocr_line' id='line_1_12' title="bbox 176 2242 1248 2340; baseline 0.001 -19"><span class='ocrx_word' id='word_1_76' title='bbox 176 2248 276 2321; x_wconf 88' lang='lat' dir='ltr'>enirn</span> <span class='ocrx_word' id='word_1_77' title='bbox 300 2242 535 2319; x_wconf 79' lang='lat' dir='ltr'>Athanasium</span> <span class='ocrx_word' id='word_1_78' title='bbox 567 2244 600 2317; x_wconf 76' lang='lat' dir='ltr'>u</span> <span class='ocrx_word' id='word_1_79' title='bbox 631 2244 867 2339; x_wconf 91' lang='lat' dir='ltr'>Marcellum,</span> <span class='ocrx_word' id='word_1_80' title='bbox 903 2247 961 2340; x_wconf 92' lang='lat' dir='ltr'>qui</span> <span class='ocrx_word' id='word_1_81' title='bbox 993 2248 1030 2321; x_wconf 94' lang='lat' dir='ltr'>in</span> <span class='ocrx_word' id='word_1_82' title='bbox 1047 2246 1248 2322; x_wconf 90' lang='lat' dir='ltr'>Dominum</span> 
     </span>
     <span class='ocr_line' id='line_1_13' title="bbox 173 2344 1247 2443; baseline -0.002 -22"><span class='ocrx_word' id='word_1_83' title='bbox 173 2344 288 2439; x_wconf 85' lang='lat' dir='ltr'>impie</span> <span class='ocrx_word' id='word_1_84' title='bbox 317 2345 607 2439; x_wconf 84' lang='lat' dir='ltr'>blasphemantes</span> <span class='ocrx_word' id='word_1_85' title='bbox 639 2346 800 2419; x_wconf 87' lang='lat' dir='ltr'>scelerati</span> <span class='ocrx_word' id='word_1_86' title='bbox 831 2348 1023 2440; x_wconf 88' lang='lat' dir='ltr'>vixerunt,</span> <span class='ocrx_word' id='word_1_87' title='bbox 1058 2348 1247 2443; x_wconf 79' lang='lat' dir='ltr'>expositos</span> 
     </span>
     <span class='ocr_line' id='line_1_14' title="bbox 176 2444 1248 2539; baseline -0.003 -18"><span class='ocrx_word' id='word_1_88' title='bbox 176 2448 268 2521; x_wconf 88' lang='lat' dir='ltr'>olim</span> <span class='ocrx_word' id='word_1_89' title='bbox 286 2458 395 2537; x_wconf 89' lang='lat' dir='ltr'>atque</span> <span class='ocrx_word' id='word_1_90' title='bbox 415 2446 603 2518; x_wconf 90' lang='lat' dir='ltr'>damnatos</span> <span class='ocrx_word' id='word_1_91' title='bbox 624 2466 701 2519; x_wconf 86' lang='lat' dir='ltr'>nun</span> <span class='ocrx_word' id='word_1_92' title='bbox 714 2444 896 2539; x_wconf 79' lang='lat' dir='ltr'>possumus</span> <span class='ocrx_word' id='word_1_93' title='bbox 910 2448 1039 2521; x_wconf 90' lang='lat' dir='ltr'>iterum</span> <span class='ocrx_word' id='word_1_94' title='bbox 1055 2448 1092 2520; x_wconf 92' lang='lat' dir='ltr'>in</span> <span class='ocrx_word' id='word_1_95' title='bbox 1111 2448 1248 2539; x_wconf 88' lang='lat' dir='ltr'>episco-</span> 
     </span>
     <span class='ocr_line' id='line_1_15' title="bbox 176 2542 1248 2645; baseline 0.003 -27"><span class='ocrx_word' id='word_1_96' title='bbox 176 2558 285 2641; x_wconf 82' lang='lat' dir='ltr'>patus</span> <span class='ocrx_word' id='word_1_97' title='bbox 298 2546 480 2621; x_wconf 86' lang='lat' dir='ltr'>honorem</span> <span class='ocrx_word' id='word_1_98' title='bbox 493 2542 686 2637; x_wconf 87' lang='lat' dir='ltr'>suscipere:</span> <span class='ocrx_word' id='word_1_99' title='bbox 712 2550 844 2640; x_wconf 90' lang='lat' dir='ltr'>quique</span> <span class='ocrx_word' id='word_1_100' title='bbox 854 2544 1105 2645; x_wconf 80' lang='lat' dir='ltr'>crucifigentes</span> <span class='ocrx_word' id='word_1_101' title='bbox 1119 2566 1248 2621; x_wconf 89' lang='lat' dir='ltr'>verum</span> 
     </span>
     <span class='ocr_line' id='line_1_16' title="bbox 174 2642 1251 2740; baseline -0.004 -17"><span class='ocrx_word' id='word_1_102' title='bbox 174 2642 290 2723; x_wconf 83' lang='lat' dir='ltr'>filium</span> <span class='ocrx_word' id='word_1_103' title='bbox 313 2643 406 2739; x_wconf 91' lang='lat' dir='ltr'>Dei,</span> <span class='ocrx_word' id='word_1_104' title='bbox 442 2658 550 2738; x_wconf 85' lang='lat' dir='ltr'>atque</span> <span class='ocrx_word' id='word_1_105' title='bbox 567 2646 665 2719; x_wconf 91' lang='lat' dir='ltr'>illum</span> <span class='ocrx_word' id='word_1_106' title='bbox 686 2645 807 2719; x_wconf 91' lang='lat' dir='ltr'>denuo</span> <span class='ocrx_word' id='word_1_107' title='bbox 830 2648 1073 2740; x_wconf 84' lang='lat' dir='ltr'>publicantes,</span> <span class='ocrx_word' id='word_1_108' title='bbox 1112 2648 1251 2721; x_wconf 80' lang='lat' dir='ltr'>acerbis</span> 
     </span>
     <span class='ocr_line' id='line_1_17' title="bbox 175 2740 1252 2840; baseline -0.005 -17"><span class='ocrx_word' id='word_1_109' title='bbox 175 2744 315 2829; x_wconf 72' lang='lat' dir='ltr'>letibus,</span> <span class='ocrx_word' id='word_1_110' title='bbox 336 2740 581 2821; x_wconf 86' lang='lat' dir='ltr'>confixerunt.</span> <span class='ocrx_word' id='word_1_111' title='bbox 631 2744 739 2819; x_wconf 85' lang='lat' dir='ltr'>Alter</span> <span class='ocrx_word' id='word_1_112' title='bbox 763 2746 859 2821; x_wconf 87' lang='lat' dir='ltr'>enim</span> <span class='ocrx_word' id='word_1_113' title='bbox 876 2744 1052 2840; x_wconf 91' lang='lat' dir='ltr'>ipsorum,</span> <span class='ocrx_word' id='word_1_114' title='bbox 1085 2745 1252 2837; x_wconf 89' lang='lat' dir='ltr'>blasphe-</span> 
     </span>
     <span class='ocr_line' id='line_1_18' title="bbox 176 2844 1248 2941; baseline -0.007 -17"><span class='ocrx_word' id='word_1_115' title='bbox 176 2846 312 2924; x_wconf 85' lang='lat' dir='ltr'>mando</span> <span class='ocrx_word' id='word_1_116' title='bbox 336 2848 373 2920; x_wconf 93' lang='lat' dir='ltr'>in</span> <span class='ocrx_word' id='word_1_117' title='bbox 393 2844 506 2919; x_wconf 86' lang='lat' dir='ltr'>filium</span> <span class='ocrx_word' id='word_1_118' title='bbox 531 2846 601 2918; x_wconf 93' lang='lat' dir='ltr'>Dei</span> <span class='ocrx_word' id='word_1_119' title='bbox 627 2859 735 2937; x_wconf 89' lang='lat' dir='ltr'>atque</span> <span class='ocrx_word' id='word_1_120' title='bbox 758 2849 794 2919; x_wconf 92' lang='lat' dir='ltr'>in</span> <span class='ocrx_word' id='word_1_121' title='bbox 814 2848 888 2939; x_wconf 89' lang='lat' dir='ltr'>ejus</span> <span class='ocrx_word' id='word_1_122' title='bbox 911 2866 1077 2941; x_wconf 83' lang='lat' dir='ltr'>regnum,</span> <span class='ocrx_word' id='word_1_123' title='bbox 1114 2859 1248 2917; x_wconf 81' lang='lat' dir='ltr'>aetema</span> 
     </span>
     <span class='ocr_line' id='line_1_19' title="bbox 175 2942 1248 3035; baseline 0 -20"><span class='ocrx_word' id='word_1_124' title='bbox 175 2963 299 3025; x_wconf 85' lang='lat' dir='ltr'>morte</span> <span class='ocrx_word' id='word_1_125' title='bbox 321 2961 486 3020; x_wconf 91' lang='lat' dir='ltr'>mortuus</span> <span class='ocrx_word' id='word_1_126' title='bbox 510 2945 562 3019; x_wconf 87' lang='lat' dir='ltr'>est</span> <span class='ocrx_word' id='word_1_127' title='bbox 583 2945 700 3020; x_wconf 88' lang='lat' dir='ltr'>semel.</span> <span class='ocrx_word' id='word_1_128' title='bbox 753 2945 858 3017; x_wconf 85' lang='lat' dir='ltr'>Alter</span> <span class='ocrx_word' id='word_1_129' title='bbox 883 2947 920 3017; x_wconf 92' lang='lat' dir='ltr'>in</span> <span class='ocrx_word' id='word_1_130' title='bbox 947 2964 1079 3035; x_wconf 89' lang='lat' dir='ltr'>corpus</span> <span class='ocrx_word' id='word_1_131' title='bbox 1097 2942 1248 3017; x_wconf 90' lang='lat' dir='ltr'>Domini</span> 
     </span>
     <span class='ocr_line' id='line_1_20' title="bbox 174 3045 1250 3139; baseline -0.008 -14"><span class='ocrx_word' id='word_1_132' title='bbox 174 3045 346 3139; x_wconf 79' lang='lat' dir='ltr'>mysteria</span> <span class='ocrx_word' id='word_1_133' title='bbox 370 3047 444 3137; x_wconf 82' lang='lat' dir='ltr'>eJ&#39;us</span> <span class='ocrx_word' id='word_1_134' title='bbox 462 3047 618 3137; x_wconf 86' lang='lat' dir='ltr'>profano</span> <span class='ocrx_word' id='word_1_135' title='bbox 637 3064 739 3119; x_wconf 91' lang='lat' dir='ltr'>more</span> <span class='ocrx_word' id='word_1_136' title='bbox 754 3046 927 3117; x_wconf 82' lang='lat' dir='ltr'>atrociter</span> <span class='ocrx_word' id='word_1_137' title='bbox 941 3065 1117 3136; x_wconf 90' lang='lat' dir='ltr'>peccans,</span> <span class='ocrx_word' id='word_1_138' title='bbox 1151 3059 1250 3116; x_wconf 88' lang='lat' dir='ltr'>cete·</span> 
     </span>
     <span class='ocr_line' id='line_1_21' title="bbox 175 3142 1250 3243; baseline -0.007 -23"><span class='ocrx_word' id='word_1_139' title='bbox 175 3165 290 3237; x_wconf 89' lang='lat' dir='ltr'>raque</span> <span class='ocrx_word' id='word_1_140' title='bbox 309 3147 441 3243; x_wconf 86' lang='lat' dir='ltr'>flagitia</span> <span class='ocrx_word' id='word_1_141' title='bbox 458 3150 657 3220; x_wconf 88' lang='lat' dir='ltr'>immaniter</span> <span class='ocrx_word' id='word_1_142' title='bbox 670 3164 814 3241; x_wconf 86' lang='lat' dir='ltr'>gerens,</span> <span class='ocrx_word' id='word_1_143' title='bbox 842 3143 1092 3237; x_wconf 83' lang='lat' dir='ltr'>episcoporum</span> <span class='ocrx_word' id='word_1_144' title='bbox 1112 3142 1250 3215; x_wconf 87' lang='lat' dir='ltr'>senten-</span> 
     </span>
     <span class='ocr_line' id='line_1_22' title="bbox 177 3243 1250 3344; baseline -0.004 -26"><span class='ocrx_word' id='word_1_145' title='bbox 177 3246 231 3319; x_wconf 90' lang='lat' dir='ltr'>tia</span> <span class='ocrx_word' id='word_1_146' title='bbox 250 3245 383 3338; x_wconf 70' lang='lat' dir='ltr'>ejectus</span> <span class='ocrx_word' id='word_1_147' title='bbox 402 3247 453 3320; x_wconf 88' lang='lat' dir='ltr'>est</span> <span class='ocrx_word' id='word_1_148' title='bbox 473 3264 581 3338; x_wconf 87' lang='lat' dir='ltr'>atque</span> <span class='ocrx_word' id='word_1_149' title='bbox 603 3246 800 3321; x_wconf 91' lang='lat' dir='ltr'>damnatus.</span> <span class='ocrx_word' id='word_1_150' title='bbox 854 3245 1100 3344; x_wconf 87' lang='lat' dir='ltr'>Quamobrem</span> <span class='ocrx_word' id='word_1_151' title='bbox 1122 3243 1250 3335; x_wconf 89' lang='lat' dir='ltr'>quoni·</span> 
     </span>
     <span class='ocr_line' id='line_1_23' title="bbox 178 3341 1251 3440; baseline -0.004 -19"><span class='ocrx_word' id='word_1_152' title='bbox 178 3368 236 3421; x_wconf 81' lang='lat' dir='ltr'>em</span> <span class='ocrx_word' id='word_1_153' title='bbox 258 3369 278 3419; x_wconf 89' lang='lat' dir='ltr'>a</span> <span class='ocrx_word' id='word_1_154' title='bbox 304 3362 493 3440; x_wconf 89' lang='lat' dir='ltr'>parentum</span> <span class='ocrx_word' id='word_1_155' title='bbox 521 3348 717 3420; x_wconf 89' lang='lat' dir='ltr'>traditione</span> <span class='ocrx_word' id='word_1_156' title='bbox 742 3344 923 3418; x_wconf 90' lang='lat' dir='ltr'>discedere</span> <span class='ocrx_word' id='word_1_157' title='bbox 945 3366 1021 3417; x_wconf 92' lang='lat' dir='ltr'>non</span> <span class='ocrx_word' id='word_1_158' title='bbox 1046 3341 1251 3436; x_wconf 74' lang='lat' dir='ltr'>possumus,</span> 
     </span>
     <span class='ocr_line' id='line_1_24' title="bbox 178 3443 1250 3538; baseline -0.002 -22"><span class='ocrx_word' id='word_1_159' title='bbox 178 3446 263 3538; x_wconf 91' lang='lat' dir='ltr'>quia</span> <span class='ocrx_word' id='word_1_160' title='bbox 288 3468 356 3519; x_wconf 91' lang='lat' dir='ltr'>nec</span> <span class='ocrx_word' id='word_1_161' title='bbox 372 3450 478 3520; x_wconf 88' lang='lat' dir='ltr'>talem</span> <span class='ocrx_word' id='word_1_162' title='bbox 494 3446 743 3519; x_wconf 68' lang='lat' dir='ltr'>assstoritatem</span> <span class='ocrx_word' id='word_1_163' title='bbox 765 3444 882 3518; x_wconf 77' lang='lat' dir='ltr'>sumsit</span> <span class='ocrx_word' id='word_1_164' title='bbox 895 3443 1074 3537; x_wconf 79' lang='lat' dir='ltr'>Ecclesia,</span> <span class='ocrx_word' id='word_1_165' title='bbox 1106 3465 1174 3516; x_wconf 87' lang='lat' dir='ltr'>nec</span> <span class='ocrx_word' id='word_1_166' title='bbox 1200 3459 1250 3515; x_wconf 90' lang='lat' dir='ltr'>ta·</span> 
     </span>
     <span class='ocr_line' id='line_1_25' title="bbox 176 3542 1255 3640; baseline -0.009 -16"><span class='ocrx_word' id='word_1_167' title='bbox 176 3546 251 3624; x_wconf 79' lang='lat' dir='ltr'>lem</span> <span class='ocrx_word' id='word_1_168' title='bbox 268 3546 483 3640; x_wconf 89' lang='lat' dir='ltr'>potestatem</span> <span class='ocrx_word' id='word_1_169' title='bbox 502 3546 621 3617; x_wconf 90' lang='lat' dir='ltr'>aDeo</span> <span class='ocrx_word' id='word_1_170' title='bbox 645 3547 805 3637; x_wconf 89' lang='lat' dir='ltr'>accepit,</span> <span class='ocrx_word' id='word_1_171' title='bbox 839 3542 1053 3637; x_wconf 72' lang='lat' dir='ltr'>supradictos</span> <span class='ocrx_word' id='word_1_172' title='bbox 1076 3545 1118 3617; x_wconf 88' lang='lat' dir='ltr'>ad</span> <span class='ocrx_word' id='word_1_173' title='bbox 1136 3544 1255 3615; x_wconf 87' lang='lat' dir='ltr'>hono·</span> 
     </span>
     <span class='ocr_line' id='line_1_26' title="bbox 177 3642 1252 3745; baseline -0.008 -24"><span class='ocrx_word' id='word_1_174' title='bbox 177 3664 256 3721; x_wconf 87' lang='lat' dir='ltr'>rem</span> <span class='ocrx_word' id='word_1_175' title='bbox 279 3647 558 3745; x_wconf 87' lang='lat' dir='ltr'>dignitatemque</span> <span class='ocrx_word' id='word_1_176' title='bbox 579 3644 745 3718; x_wconf 86' lang='lat' dir='ltr'>Ecclesrae</span> <span class='ocrx_word' id='word_1_177' title='bbox 768 3667 838 3719; x_wconf 91' lang='lat' dir='ltr'>nec</span> <span class='ocrx_word' id='word_1_178' title='bbox 865 3644 925 3739; x_wconf 79' lang='lat' dir='ltr'>ipsi</span> <span class='ocrx_word' id='word_1_179' title='bbox 956 3644 1178 3737; x_wconf 81' lang='lat' dir='ltr'>suscipimus,</span> <span class='ocrx_word' id='word_1_180' title='bbox 1217 3642 1252 3712; x_wconf 79' lang='lat' dir='ltr'>bc</span> 
     </span>
     <span class='ocr_line' id='line_1_27' title="bbox 177 3742 1252 3843; baseline -0.01 -21"><span class='ocrx_word' id='word_1_181' title='bbox 177 3742 408 3841; x_wconf 80' lang='lat' dir='ltr'>fitscipientcs</span> <span class='ocrx_word' id='word_1_182' title='bbox 424 3750 529 3843; x_wconf 86' lang='lat' dir='ltr'>digne</span> <span class='ocrx_word' id='word_1_183' title='bbox 545 3746 764 3821; x_wconf 85' lang='lat' dir='ltr'>damnamus.</span> <span class='ocrx_word' id='word_1_184' title='bbox 817 3744 885 3819; x_wconf 90' lang='lat' dir='ltr'>Sed</span> <span class='ocrx_word' id='word_1_185' title='bbox 902 3767 969 3818; x_wconf 91' lang='lat' dir='ltr'>nec</span> <span class='ocrx_word' id='word_1_186' title='bbox 987 3746 1091 3833; x_wconf 87' lang='lat' dir='ltr'>alios,</span> <span class='ocrx_word' id='word_1_187' title='bbox 1118 3742 1176 3832; x_wconf 86' lang='lat' dir='ltr'>qui</span> <span class='ocrx_word' id='word_1_188' title='bbox 1189 3755 1252 3811; x_wconf 89' lang='lat' dir='ltr'>aut</span> 
     </span>
     <span class='ocr_line' id='line_1_28' title="bbox 179 3838 1250 3942; baseline -0.008 -24"><span class='ocrx_word' id='word_1_189' title='bbox 179 3846 283 3938; x_wconf 89' lang='lat' dir='ltr'>olim,</span> <span class='ocrx_word' id='word_1_190' title='bbox 311 3864 372 3921; x_wconf 92' lang='lat' dir='ltr'>aut</span> <span class='ocrx_word' id='word_1_191' title='bbox 390 3848 515 3942; x_wconf 87' lang='lat' dir='ltr'>postea</span> <span class='ocrx_word' id='word_1_192' title='bbox 533 3850 664 3922; x_wconf 91' lang='lat' dir='ltr'>merito</span> <span class='ocrx_word' id='word_1_193' title='bbox 683 3846 837 3920; x_wconf 91' lang='lat' dir='ltr'>damnati</span> <span class='ocrx_word' id='word_1_194' title='bbox 859 3844 951 3930; x_wconf 84' lang='lat' dir='ltr'>sunt,</span> <span class='ocrx_word' id='word_1_195' title='bbox 976 3844 1011 3914; x_wconf 93' lang='lat' dir='ltr'>in</span> <span class='ocrx_word' id='word_1_196' title='bbox 1028 3838 1184 3913; x_wconf 79' lang='lat' dir='ltr'>Ecclesia</span> <span class='ocrx_word' id='word_1_197' title='bbox 1196 3861 1250 3910; x_wconf 85' lang='lat' dir='ltr'>re·</span> 
     </span>
     <span class='ocr_line' id='line_1_29' title="bbox 179 3942 1254 4039; baseline -0.001 -25"><span class='ocrx_word' id='word_1_198' title='bbox 179 3946 345 4039; x_wconf 88' lang='lat' dir='ltr'>cipimus,</span> <span class='ocrx_word' id='word_1_199' title='bbox 372 3949 592 4021; x_wconf 82' lang='lat' dir='ltr'>edhaerentes</span> <span class='ocrx_word' id='word_1_200' title='bbox 607 3947 745 4039; x_wconf 71' lang='lat' dir='ltr'>iegibus</span> <span class='ocrx_word' id='word_1_201' title='bbox 765 3944 832 4017; x_wconf 91' lang='lat' dir='ltr'>Dei</span> <span class='ocrx_word' id='word_1_202' title='bbox 854 3942 1254 4033; x_wconf 85' lang='lat' dir='ltr'>traditionibusquepa·</span> 
     </span>
     <span class='ocr_line' id='line_1_30' title="bbox 178 4040 1254 4136; baseline -0.004 -20"><span class='ocrx_word' id='word_1_203' title='bbox 178 4046 293 4116; x_wconf 87' lang='lat' dir='ltr'>ternis</span> <span class='ocrx_word' id='word_1_204' title='bbox 320 4059 428 4136; x_wconf 87' lang='lat' dir='ltr'>atque</span> <span class='ocrx_word' id='word_1_205' title='bbox 451 4044 691 4118; x_wconf 79' lang='lat' dir='ltr'>ecclesiasticis</span> <span class='ocrx_word' id='word_1_206' title='bbox 723 4042 933 4135; x_wconf 86' lang='lat' dir='ltr'>disciplinis,</span> <span class='ocrx_word' id='word_1_207' title='bbox 961 4040 1151 4113; x_wconf 90' lang='lat' dir='ltr'>credentes</span> <span class='ocrx_word' id='word_1_208' title='bbox 1169 4062 1254 4131; x_wconf 88' lang='lat' dir='ltr'>pro·</span> 
     </span>
     <span class='ocr_line' id='line_1_31' title="bbox 177 4142 1251 4240; baseline -0.003 -25"><span class='ocrx_word' id='word_1_209' title='bbox 177 4144 457 4238; x_wconf 76' lang='lat' dir='ltr'>phetaedicentit</span> <span class='ocrx_word' id='word_1_210' title='bbox 478 4142 568 4217; x_wconf 91' lang='lat' dir='ltr'>Noli</span> <span class='ocrx_word' id='word_1_211' title='bbox 578 4145 775 4240; x_wconf 83' lang='lat' dir='ltr'>transgredi</span> <span class='ocrx_word' id='word_1_212' title='bbox 786 4146 959 4218; x_wconf 89' lang='lat' dir='ltr'>terminos</span> <span class='ocrx_word' id='word_1_213' title='bbox 970 4157 1141 4229; x_wconf 78' lang='lat' dir='ltr'>aeternos,</span> <span class='ocrx_word' id='word_1_214' title='bbox 1160 4162 1251 4231; x_wconf 86' lang='lat' dir='ltr'>quoa</span> 
     </span>
     <span class='ocr_line' id='line_1_32' title="bbox 177 4239 1253 4340; baseline -0.004 -25"><span class='ocrx_word' id='word_1_215' title='bbox 177 4241 379 4337; x_wconf 90' lang='lat' dir='ltr'>posuerunt</span> <span class='ocrx_word' id='word_1_216' title='bbox 400 4260 520 4336; x_wconf 89' lang='lat' dir='ltr'>patres</span> <span class='ocrx_word' id='word_1_217' title='bbox 544 4246 607 4319; x_wconf 90' lang='lat' dir='ltr'>tui.</span> <span class='ocrx_word' id='word_1_218' title='bbox 660 4248 785 4340; x_wconf 89' lang='lat' dir='ltr'>Quare</span> <span class='ocrx_word' id='word_1_219' title='bbox 808 4265 877 4316; x_wconf 86' lang='lat' dir='ltr'>uos</span> <span class='ocrx_word' id='word_1_220' title='bbox 900 4263 1090 4332; x_wconf 89' lang='lat' dir='ltr'>numquam</span> <span class='ocrx_word' id='word_1_221' title='bbox 1110 4239 1180 4314; x_wconf 87' lang='lat' dir='ltr'>fixa</span> <span class='ocrx_word' id='word_1_222' title='bbox 1199 4240 1253 4312; x_wconf 88' lang='lat' dir='ltr'>so·</span> 
     </span>
     <span class='ocr_line' id='line_1_33' title="bbox 177 4342 1253 4441; baseline -0.005 -24"><span class='ocrx_word' id='word_1_223' title='bbox 177 4343 321 4435; x_wconf 89' lang='lat' dir='ltr'>lidaque</span> <span class='ocrx_word' id='word_1_224' title='bbox 338 4345 585 4423; x_wconf 87' lang='lat' dir='ltr'>concutimus:</span> <span class='ocrx_word' id='word_1_225' title='bbox 614 4342 671 4416; x_wconf 90' lang='lat' dir='ltr'>sed</span> <span class='ocrx_word' id='word_1_226' title='bbox 691 4343 800 4441; x_wconf 84' lang='lat' dir='ltr'>magis</span> <span class='ocrx_word' id='word_1_227' title='bbox 819 4365 874 4438; x_wconf 89' lang='lat' dir='ltr'>ea,</span> <span class='ocrx_word' id='word_1_228' title='bbox 903 4366 980 4437; x_wconf 86' lang='lat' dir='ltr'>quae</span> <span class='ocrx_word' id='word_1_229' title='bbox 996 4342 1076 4414; x_wconf 91' lang='lat' dir='ltr'>sunt</span> <span class='ocrx_word' id='word_1_230' title='bbox 1094 4362 1253 4432; x_wconf 75' lang='lat' dir='ltr'>aparen-</span> 
     </span>
     <span class='ocr_line' id='line_1_34' title="bbox 176 4442 728 4539; baseline 0.005 -24"><span class='ocrx_word' id='word_1_231' title='bbox 176 4442 276 4516; x_wconf 88' lang='lat' dir='ltr'>tibus</span> <span class='ocrx_word' id='word_1_232' title='bbox 295 4444 509 4539; x_wconf 91' lang='lat' dir='ltr'>constituta,</span> <span class='ocrx_word' id='word_1_233' title='bbox 535 4443 728 4519; x_wconf 89' lang='lat' dir='ltr'>servamus.</span> 
     </span>
    </p>

    <p class='ocr_par' dir='ltr' id='par_1_4' title="bbox 178 4536 1255 4737">
     <span class='ocr_line' id='line_1_35' title="bbox 281 4536 1255 4640; baseline -0.007 -24"><span class='ocrx_word' id='word_1_234' title='bbox 281 4566 338 4635; x_wconf 79' lang='lat'>24.</span> <span class='ocrx_word' id='word_1_235' title='bbox 364 4540 449 4618; x_wconf 89' lang='lat' dir='ltr'>Post</span> <span class='ocrx_word' id='word_1_236' title='bbox 469 4547 581 4620; x_wconf 90' lang='lat' dir='ltr'>multa</span> <span class='ocrx_word' id='word_1_237' title='bbox 601 4544 731 4640; x_wconf 85' lang='lat' dir='ltr'>igitur,</span> <span class='ocrx_word' id='word_1_238' title='bbox 768 4539 970 4618; x_wconf 78' lang='lat' dir='ltr'>diledlislimi</span> <span class='ocrx_word' id='word_1_239' title='bbox 989 4541 1137 4628; x_wconf 88' lang='lat' dir='ltr'>fratres,</span> <span class='ocrx_word' id='word_1_240' title='bbox 1175 4536 1255 4609; x_wconf 76' lang='lat' dir='ltr'>hue</span> 
     </span>
     <span class='ocr_line' id='line_1_36' title="bbox 178 4638 1255 4737; baseline -0.005 -24"><span class='ocrx_word' id='word_1_241' title='bbox 178 4642 289 4713; x_wconf 79' lang='lat' dir='ltr'>uobis</span> <span class='ocrx_word' id='word_1_242' title='bbox 309 4666 355 4716; x_wconf 77' lang='lat' dir='ltr'>err</span> <span class='ocrx_word' id='word_1_243' title='bbox 374 4661 502 4737; x_wconf 91' lang='lat' dir='ltr'>aperto</span> <span class='ocrx_word' id='word_1_244' title='bbox 521 4645 750 4736; x_wconf 90' lang='lat' dir='ltr'>mandamus,</span> <span class='ocrx_word' id='word_1_245' title='bbox 778 4666 824 4719; x_wconf 91' lang='lat' dir='ltr'>ne</span> <span class='ocrx_word' id='word_1_246' title='bbox 847 4644 925 4732; x_wconf 89' lang='lat' dir='ltr'>quis</span> <span class='ocrx_word' id='word_1_247' title='bbox 945 4640 1103 4712; x_wconf 85' lang='lat' dir='ltr'>vestrum</span> <span class='ocrx_word' id='word_1_248' title='bbox 1125 4638 1168 4709; x_wconf 89' lang='lat' dir='ltr'>ab</span> <span class='ocrx_word' id='word_1_249' title='bbox 1193 4639 1255 4708; x_wconf 69' lang='lat' dir='ltr'>ali·</span> 
     </span>
    </p>
   </div>
   <div class='ocr_carea' id='block_1_4' title="bbox 159 4737 1254 4933">
    <p class='ocr_par' dir='ltr' id='par_1_5' title="bbox 159 4737 1254 4933">
     <span class='ocr_line' id='line_1_37' title="bbox 159 4737 1254 4917; baseline -0.016 -87"><span class='ocrx_word' id='word_1_250' title='bbox 159 4756 244 4829; x_wconf 69' lang='lat' dir='ltr'>auo</span> <span class='ocrx_word' id='word_1_251' title='bbox 271 4743 553 4833; x_wconf 72' lang='lat' dir='ltr'>circumventus</span> <span class='ocrx_word' id='word_1_252' title='bbox 580 4746 776 4851; x_wconf 84' lang='lat' dir='ltr'>aliquando</span> <span class='ocrx_word' id='word_1_253' title='bbox 801 4742 1073 4834; x_wconf 81' lang='lat' dir='ltr'>communicet,</span> <span class='ocrx_word' id='word_1_254' title='bbox 1083 4737 1254 4917; x_wconf 43' lang='lat' dir='ltr'>§gmon</span> 
     </span>
     <span class='ocr_line' id='line_1_38' title="bbox 1196 4888 1213 4933; baseline 0 0"><span class='ocrx_word' id='word_1_255' title='bbox 1196 4888 1213 4933; x_wconf 61' lang='grc' dir='ltr'>*ι</span> 
     </span>
    </p>
   </div>
   <div class='ocr_carea' id='block_1_5' title="bbox 0 0 1368 5709">
    <p class='ocr_par' dir='ltr' id='par_1_6' title="bbox 0 0 1368 5709">
     <span class='ocr_line' id='line_1_39' title="bbox 0 0 1368 5709; baseline 0 0"><span class='ocrx_word' id='word_1_256' title='bbox 0 0 1368 5709; x_wconf 95' lang='lat' dir='ltr'> </span> 
     </span>
    </p>
   </div>
  </div>
 </body>
</html>
