2717 5709
222 945 276 1012 n
302 922 433 1009 Onera
451 866 669 1009 iberomco
690 920 970 1009 ancruuruu
985 922 1047 1009 m.
1118 934 1172 1031 tq

105 1086 230 1191 olio,
260 1094 481 1191 Protogeni,
511 1087 728 1181 Athanasio,
752 1088 961 1189 'Marcello',
985 1088 1171 1189 Alcime,

104 1195 242 1291 Paulo,
274 1193 395 1294 Juli03
431 1190 490 1267 scd
508 1210 578 1265 nee
595 1192 761 1288 cuiquam
777 1190 1026 1269 damnatorum
1044 1194 1089 1267 de
1104 1192 1186 1267 Ee

104 1298 212 1374 clelia
225 1294 343 1372 ianua
361 1290 522 1386 reieilis,
555 1310 675 1383 neque
690 1290 794 1365 sociis
810 1288 989 1387 ipsorum,
1024 1293 1085 1387 qui
1102 1294 1172 1371 illis

101 1401 181 1477 sive
202 1417 269 1494 per
292 1392 350 1485 se,
382 1392 459 1467 live
477 1410 545 1487 per
569 1388 701 1484 scripta
718 1393 995 1471 communicent.
1047 1392 1173 1489 Quare

101 1520 174 1576 nec
190 1517 263 1572 vos
278 1494 422 1579 suillos
437 1491 592 1565 scribere
600 1509 767 1583 umquam
776 1489 931 1583 debetis,
955 1512 1025 1577 nec
1034 1494 1078 1567 ab
1091 1492 1173 1585 ipsas

102 1599 239 1691 scripta
259 1592 445 1686 suscipere.
494 1590 572 1688 Jam
592 1590 692 1687 quorl
706 1586 881 1685 superesi,
915 1611 1058 1667 oramus
1078 1612 1172 1685 vos,

100 1694 310 1774 uiteeuffimi
330 1692 494 1783 Fratres,
516 1705 559 1765 ut
574 1691 704 1764 unitati
720 1686 888 1765 Eccleliae
907 1689 1110 1777 consulatis,
1137 1692 1173 1767 ἀ

104 1798 195 1893 paci
209 1800 427 1889 perpetues
444 1784 582 1865 sanlius
597 1788 790 1886 episcopos
805 1791 965 1887 eligatis,
989 1794 1028 1865 in
1046 1792 1174 1884 quibus

107 1898 148 1973 et
172 1893 261 1971 fides
291 1896 431 1990 integra
448 1890 484 1965 δι
501 1887 617 1965 sanila
632 1889 675 1963 lit
695 1890 792 1979 vita;
830 1892 1066 1967 abhorrentes
1087 1912 1174 1977 ens,¹

105 1998 172 2089 qui
184 2014 256 2089 pro
270 1992 478 2067 criminibus
490 1989 558 2063 suis
577 1993 622 2065 ab
639 1985 866 2085 episcopatus
887 1990 1032 2065 honore
1044 1991 1175 2065 disclu·
1256 2004 1264 2016 ·

104 2096 155 2171 eii
175 2095 280 2186 sunt,
314 2092 521 2182 voluntque
545 2090 675 2165 iterum
697 2088 861 2183 recipere
887 2092 1030 2175 locum,
1067 2104 1178 2183 quern

105 2197 218 2295 digne
237 2212 308 2290 pro
328 2190 395 2267 suis
416 2190 640 2273 facinoribus
660 2184 868 2265 amiserunt:
902 2191 1176 2289 magisquesbos

60 2361 61 2368 i
104 2294 354 2385 execramini,
391 2310 484 2384 quos
511 2288 595 2384 post
617 2286 756 2363 faunus
777 2289 907 2364 videtis
926 2292 1051 2389 pejora
1076 2310 1177 2365 corn·

105 2396 269 2473 anittere.
314 2389 398 2467 Nec
411 2390 609 2480 Dominum
623 2390 978 2467 audiuntdiccntem:
1005 2388 1176 2485 Peccasti,

112 2490 269 2586 quiesce.
317 2490 483 2565 Inhibere
500 2488 665 2565 nesciunt
677 2489 785 2581 euim,
810 2488 1032 2569 &fortiores
1049 2490 1094 2565 de
1106 2488 1180 2565 sce·

106 2592 248 2668 letibus
267 2590 487 2667 efficiuntur:
511 2588 548 2664 δι
569 2602 707 2683 quanto
727 2590 807 2683 plus
822 2590 859 2663 in
875 2592 1050 2689 gurgitem
1066 2590 1182 2665 vitio-

105 2712 191 2768 rum
212 2703 402 2789 mergunt,
433 2698 540 2765 tanto
557 2690 638 2784 plus
652 2690 779 2765 orbem
802 2688 1029 2767 subvertunt.
1079 2686 1180 2765 Sedi-
1220 2762 1230 2776 ,
1284 2768 1292 2779 ,

107 2792 273 2865 tionibus
285 2802 474 2875 vacantes,
496 2791 605 2883 bella,
631 2784 973 2883 persecutionesque
991 2786 1180 2865 acerrimas

108 2889 235 2967 nonis
248 2889 417 2967 Ecclefiis
431 2892 620 2987 ingerunt,
647 2887 889 2982 &tyrannico
905 2892 1179 2989 morepopulos
1285 2964 1289 2971 .

106 2988 264 3067 Domini
278 2991 318 3065 in
330 2989 432 3065 suum
452 2988 664 3067 Dominiurb
678 2990 865 3083 captivare
886 2989 1127 3065 contendunt

164 3134 167 3139 ·
214 3110 274 3180 as.
297 3090 467 3183 Namque
486 3112 533 3164 ex
554 3090 610 3163 bis
625 3091 733 3163 rebus
748 3090 911 3183 pellirnos
928 3111 1181 3165 eorumcona·

104 3204 171 3271 tus
199 3188 410 3285 agnoscite,
448 3189 548 3281 quod
571 3190 681 3263 talem
702 3188 839 3263 mundo
858 3189 1077 3284 tempestatis
1097 3210 1183 3285 pro·
1273 3213 1279 3230 ·

103 3292 245 3365 celim
259 3287 500 3382 minxerunt,
529 3301 573 3366 ut
586 3284 776 3365 Orientem
798 3306 914 3387 prope
936 3302 1055 3365 totum
1073 3288 1182 3367 Occi·-

106 3394 335 3479 dentemque
358 3390 566 3477 turbarent3
597 3402 640 3463 ut
660 3388 906 3481 relinquentes
922 3388 1046 3489 singuli
1067 3393 1185 3470 eecle-

106 3487 266 3567 siasticas
291 3504 418 3577 cusas,
454 3488 686 3579 populosque
714 3486 786 3563 Dei
807 3488 1029 3578 deserentes,
1071 3503 1183 3581 atque
1218 3554 1224 3561 .

60 3583 61 3678 ἰ
108 3587 224 3686 ipsam
237 3583 433 3681 Evangelii
449 3580 944 3682 desiriuampostponentes,
977 3590 1023 3663 de
1041 3575 1187 3685 longin-¹

113 3710 193 3781 quo
210 3687 464 3763 adveniremus
482 3683 585 3759 senes
607 3697 714 3759 etate
729 3704 882 3781 graves,
908 3706 1068 3781 corpore
1086 3687 1185 3763 irbi.

112 3792 187 3877 les,
210 3784 421 3884 egritudine
438 3781 590 3859 infirmia
616 3781 938 3881 (trahebamurque
951 3808 1016 3881 per
1028 3784 1185 3885 divorsa,
1301 3848 1302 3851 a

117 3883 335 3977 nostrosque
350 3898 568 3983 egrotantes
584 3886 622 3959 ln
634 3884 825 3960 itineribus
838 3882 1084 3965 deserebamus
1095 3906 1185 3983 pro·

59 4009 63 4182 l
116 3982 723 4161 institistis
773 3984 1190 4164 {sitimus

60 4189 61 4252 l
117 4181 178 4259 bis
197 4180 407 4275 imperium,
431 4105 720 4283 etquiiuigton‘
755 4108 1187 4281 gperaioiecilfssribunl,

116 4282 156 4355 br
173 4277 301 4354 Duces
316 4280 477 4361 dirillinn
492 4284 676 4379 republica
693 4283 740 4360 de
756 4283 1011 4383 episcoporum
1025 4286 1103 4358 vita
1119 4282 1188 4359 sta·

82 4416 85 4419 ⁴
114 4393 232 4473 tuque
253 4401 524 4462 exercerentur.
573 4379 646 4459 Sed
662 4404 734 4458 nec
748 4387 875 4480 populi
889 4384 1002 4461 silent.
1055 4383 1188 4461 omnis

115 4480 254 4559 etenim
275 4482 486 4565 sacunino
505 4484 674 4561 omnibus
696 4482 735 4557 in
747 4485 951 4577 provinciis
966 4479 1124 4579 suspensa
1144 4500 1188 4561 ae

116 4578 276 4675 solicita
288 4581 491 4685 supenan
513 4584 553 4661 in
573 4602 679 4683 quem
694 4578 804 4663 inem
821 4584 898 4661 hoc
910 4584 1087 4667 nuorun
1103 4602 1191 4681 pro-

616 4678 647 4763 i
670 4704 696 4779 s
1045 4684 1138 4765 tella
