2717 5709
267 636 558 711 Tnacrnrus
584 654 634 706 rm
658 630 852 709 LXVIII.
880 630 1117 712 Petusium.
1168 658 1240 726 421

166 801 286 875 tenuit
296 798 461 873 salutisin
476 795 797 889 mortesperandae.
849 795 1028 868 salvarise
1040 818 1128 891 ergo
1141 810 1235 885 orat,

85 942 91 977 ι
164 898 427 995 quitidixerit:
453 894 788 986 DeusDeusmeut‚
815 896 1234 987 quaremedereriquistit

85 1046 93 1061 -
265 1022 298 1093 3.
324 996 599 1071 Introeuntibus
621 997 716 1071 enim
736 994 836 1087 aquis
857 995 1035 1087 usquead
1056 997 1233 1092 animam,-

85 1118 91 1163 ι
159 1097 338 1192 subiectus
355 1098 599 1194 mortilcrucis
618 1093 749 1186 fiebat,
777 1114 858 1169 cum
874 1095 1068 1193 passionum
1085 1100 1233 1171 univer-

85 1234 90 1247 ·
158 1198 275 1273 sarum
291 1198 447 1289 impetus
464 1216 578 1288 usque
596 1195 639 1267 ad
659 1210 815 1271 mortem
831 1200 954 1269 animae
969 1210 1230 1288 perrumperet.

156 1298 201 1373 In
213 1298 312 1388 cquis
328 1311 446 1370 autem
463 1294 712 1370 infestationes
727 1298 853 1390 popuii
866 1310 1059 1384 motusque
1068 1297 1232 1392 gentium

156 1394 343 1495 significari
363 1396 480 1470 solere
494 1417 571 1470 non
589 1395 736 1469 dubium
754 1392 827 1487 est,
856 1416 936 1470 cum
954 1396 1103 1467 dicitur:
1129 1394 1229 1471 Tor-

156 1511 300 1571 rentem
327 1497 557 1590 pertransivit
582 1496 698 1570 anima
716 1516 814 1584 mea3
853 1498 913 1570 vel
933 1495 1043 1569 iilud:
1080 1492 1130 1567 Et
1147 1514 1230 1591 per·

157 1597 323 1671 transivit
337 1598 451 1669 anima
466 1618 545 1671 mea
558 1616 684 1687 aquam
702 1594 916 1670 immensam.
968 1594 1060 1667 Sunt
1078 1595 1111 1666 dr
1126 1615 1227 1687 aquae

157 1694 341 1771 arenosam
365 1696 513 1769 domum
541 1694 764 1775 subluentes,
801 1717 951 1787 eamque
966 1696 1002 1767 In
1022 1693 1137 1768 eaibm
1155 1696 1227 1770 rui·

154 1816 310 1887 namque
325 1797 515 1889 pellentes.
566 1795 634 1869 Hae
650 1814 738 1889 ergo
751 1816 848 1869 nunc
860 1816 957 1888 aquae
971 1794 1138 1885 usquead
1150 1796 1226 1869 ani·

154 1918 248 1971 mam
271 1897 470 1989 intrantes,
504 1894 548 1968 ad
569 1914 715 1991 precem
732 1914 813 1967 eum
831 1896 975 1969 orandae
998 1894 1118 1968 salutis
1139 1914 1225 1969 coe·

181 2007 298 2069 erunt.
564 2046 569 2057 .

155 2016 180 2093 g
259 2117 293 2185 4.
319 2092 457 2169 Verum
474 2094 672 2168 ineuntium
688 2095 812 2169 harum
830 2094 1043 2189 pasionum,
1070 2114 1147 2169 non
1161 2090 1224 2168 ali·

152 2194 271 2284 unde,
309 2213 413 2286 quam
431 2214 476 2266 ex
492 2192 704 2267 assumtione
722 2197 859 2285 carnis,
897 2194 1062 2267 &virtus
1081 2192 1151 2286 est,
1186 2194 1223 2269 dt

152 2292 324 2387 potestas.
384 2293 473 2367 Non
495 2294 589 2365 enim
603 2294 762 2368 incidere
779 2296 816 2369 in
832 2293 950 2368 Deum
963 2296 1020 2366 hic
1037 2292 1221 2368 infirmita-

152 2407 229 2466 tum
253 2393 453 2467 nostrarum
469 2405 588 2467 terror
602 2395 766 2480 valebat,
794 2408 856 2468 aut
874 2393 1034 2467 exserere
1049 2394 1082 2467 se
1106 2394 1167 2467 nisr
1180 2393 1219 2469 in

151 2514 260 2568 came
284 2496 451 2586 corporis
467 2490 603 2585 nostri,
634 2508 814 2588 tamquam
832 2496 868 2567 in
885 2493 1092 2585 subiacente
1109 2504 1219 2567 matc-

148 2596 221 2683 ria‚
253 2609 452 2685 potuerant
476 2594 662 2686 passiones.
732 2594 848 2667 Porro
877 2610 996 2668 autem
1022 2593 1217 2667 haurienda

147 2695 219 2767 fuit
234 2708 360 2764 natura
377 2692 540 2771 coelestis,
565 2697 831 2771 uterinaniens
848 2693 882 2765 se
906 2716 949 2765 ex
968 2694 1036 2763 Dei
1052 2696 1167 2766 forma
1179 2695 1216 2768 in

147 2794 302 2864 formam
323 2790 415 2862 serui
434 2792 659 2880 hominisque
680 2794 874 2866 decideret.
926 2788 974 2859 Et
991 2792 1073 2864 ideo
1101 2813 1216 2880 usque

151 2892 195 2960 ad
212 2890 360 2963 animam
376 2909 473 2978 aquae
489 2904 694 2979 penetrant:
722 2891 802 2979 quia
821 2887 1008 2962 substantia
1023 2892 1054 2961 ei
1072 2912 1145 2962 non
1159 2892 1215 2982 srt,

148 2985 263 3062 infixo
287 2990 323 3059 in
346 2990 432 3061 lime
457 2987 638 3079 profundi.
703 2988 790 3062 Non
812 2991 937 3080 utique
959 2988 1148 3063 substantia
1172 3013 1215 3065 ea

145 3110 224 3163 nun
245 3102 339 3173 erat,
373 3108 450 3178 quae
470 3085 615 3160 ssIumta
633 3089 848 3181 habebatur,
878 3089 935 3163 sed
953 3112 1029 3180 quae
1051 3089 1084 3162 sc
1104 3090 1213 3183 Ipsam

149 3190 312 3262 inaniens
328 3186 502 3260 hauserat.
554 3186 668 3260 NuIIo
688 3206 805 3261 autem
818 3190 1125 3279 mortonensis,
1151 3191 1212 3281 qui

145 3288 181 3361 se
197 3288 307 3382 ipsum
323 3288 523 3359 exinanivit
539 3306 740 3361 evacuans:
769 3312 837 3360 nec
853 3303 971 3361 tamen
988 3289 1133 3380 idipsum
1157 3291 1210 3361 vi·

147 3390 299 3461 debatur
319 3404 456 3479 extare,
485 3388 583 3477 quod
595 3389 665 3479 jam
685 3390 719 3459 iu
738 3390 830 3459 aliud
849 3386 882 3460 se
897 3390 1107 3459 evacuando
1124 3409 1211 3464 con·

147 3486 305 3561 cesserat.
355 3487 446 3559 Nun
467 3486 516 3559 est
534 3507 621 3581 ergo
642 3487 850 3578 substantia,
878 3509 941 3582 per
960 3490 1013 3569 id,
1040 3490 1137 3580 quod
1158 3490 1210 3563 In·

144 3583 240 3658 fixus
268 3585 318 3657 est
341 3588 377 3658 in
399 3588 486 3659 limo
506 3586 687 3680 profundi.
754 3588 889 3662 Primus
914 3591 1004 3661 enim
1028 3590 1139 3661 homo
1163 3591 1208 3663 de

144 3700 251 3756 terrae
273 3687 378 3756 limo:
411 3685 635 3758 &secundus
654 3688 768 3759 Adam
786 3690 821 3759 in
843 3689 945 3779 hujus
965 3692 1037 3761 limi
1060 3689 1208 3780 profun-

143 3787 227 3858 dum
248 3784 292 3856 de
309 3785 405 3855 cuciis
428 3785 666 3878 descendens,
694 3788 728 3860 se
745 3789 856 3879 ipsum
877 3802 1053 3878 tamquam
1073 3813 1116 3860 ex
1131 3792 1207 3861 alto

143 3884 295 3958 veniens
317 3879 452 3959 defixit.
502 3884 693 3959 Evacuans
716 3888 876 3983 etquis,
904 3894 1034 3979 quippe
1052 3894 1106 3959 cui
1130 3887 1207 3960 sub·

141 3984 269 4057 stantia
286 4005 363 4057 non
387 3999 484 4075 erat,
519 4006 595 4059 non
608 3989 679 4079 jam
705 3988 881 4078 usquead
908 3989 1046 4077 carnis,
1079 4008 1206 4061 verum

142 4090 248 4159 etiam
269 4106 384 4176 usque
405 4085 447 4156 ad
464 4090 590 4159 mortis
608 4085 790 4180 profunda
808 4086 1011 4178 descendit,
1039 4089 1070 4157 dt
1088 4089 1204 4163 omnis

142 4183 180 4254 in
199 4206 279 4258 eum
293 4200 413 4257 terror
428 4182 650 4260 desaevientIs
666 4189 703 4260 in
718 4207 786 4260 nos
799 4186 1014 4279 tempestatis
1029 4188 1204 4263 incubuit.

143 4280 235 4358 Cum
251 4288 344 4361 enirn
361 4284 417 4380 se,
446 4300 577 4361 contra
591 4302 726 4462 nsstuirae
744 4286 893 4363 coelestis
918 4300 1140 4462 terrenaequf
1154 4288 1205 4362 di·

714 4408 733 4480 3
1047 4409 1114 4460 ver
1129 4412 1155 4462 ι·
1262 4454 1266 4463 .
