2717 5709
170 983 178 992 -
218 959 335 1030 nxxvr
504 933 787 1028 ‚snutrane
817 910 972 1016 Cerere
1006 1010 1010 1023 ,

159 1205 170 1214 ᾖ
222 1103 365 1198 quiden
378 1097 479 1192 sunt,
505 1094 564 1174 sed
582 1121 660 1193 que
677 1101 720 1176 ed
739 1099 825 1175 durs
837 1098 1031 1179 commode
1048 1115 1279 1182 revocentur.

222 1223 387 1302 Verbum
413 1221 508 1295 enirn
528 1219 585 1293 alii
605 1221 655 1294 itt
672 1243 753 1299 curu
775 1241 882 1296 carne
900 1219 1151 1308 confundunt,
1177 1239 1218 1296 ut
1239 1247 1279 1299 er

102 1335 107 1347 '
222 1364 351 1420 eorum
374 1339 568 1428 sententiat
600 1339 698 1434 „De
724 1340 758 1414 se
780 1341 954 1418 defecerit
975 1341 1076 1416 Deus
1102 1339 1279 1430 Verbum,

223 1465 307 1540 dum
329 1481 462 1554 corpus
480 1457 602 1536 officio
618 1463 741 1535 anime
756 1458 928 1538 vivificat.
938 1463 966 1505 “
991 1459 1074 1541 ‚Alii
1090 1460 1140 1535 itu
1160 1463 1205 1536 ab
1217 1463 1280 1537 ho·

222 1584 318 1662 mine
341 1581 527 1673 dividunt,
563 1591 603 1650 ut
625 1576 715 1653 srcut
737 1580 817 1670 „ln
838 1583 1027 1674 prophetis
1045 1579 1185 1676 spiritus
1200 1601 1280 1676 pro·

221 1705 374 1802 phetiae,
400 1703 449 1774 ita
462 1703 497 1774 ln
512 1697 592 1794 Jesu
606 1698 772 1774 Verbum
789 1699 860 1776 Dei
878 1701 1034 1778 fueriu“

324 1825 397 1922 Qui
419 1823 455 1896 in
483 1821 560 1908 hee
581 1819 796 1914 attenderit,
831 1841 908 1896 non
924 1821 1105 1896 laborabit
1119 1821 1156 1894 in
1175 1822 1280 1915 pluri·

222 1945 288 2030 nris
312 1943 425 2033 locis,
463 1942 498 2016 in
526 1941 652 2034 quibus
673 1939 766 2036 sepe
790 1961 922 2039 negare
947 1938 1091 2014 vl'detur
1105 1939 1281 2038 Hilarius,

201 2061 322 2159 ‘quod
340 2061 580 2138 demonstrare
589 2059 762 2132 duntaxat
770 2063 904 2136 vultex
915 2060 1197 2136 adversariorum
1211 2063 1281 2155 pla·

224 2184 304 2258 citis
323 2183 493 2274 explicari
509 2182 612 2256 nullo
627 2179 732 2276 pauo
747 2180 858 2274 posse.
907 2181 1040 2274 Neque
1050 2181 1191 2272 latebit,
1218 2201 1282 2254 cur

222 2323 261 2380 v.
284 2323 316 2400 g.
338 2307 372 2394 §.
397 2323 452 2377 ιο.
467 2304 589 2396 prius,
615 2323 721 2395 quem
741 2302 882 2395 objeua
903 2303 1034 2393 diluat,
1059 2299 1281 2378 adversarior

222 2421 446 2520 aggrediatur
462 2422 516 2499 his
534 2421 680 2510 verbisz,
698 2419 786 2516 „Er
803 2423 990 2519 interrogo
1009 2441 1096 2501 eos,
1128 2423 1189 2514 qui
1209 2423 1282 2499 hot

220 2543 272 2619 ita
290 2539 502 2636 existimant,
529 2561 577 2618 en
590 2543 733 2616 ratione
751 2541 919 2642 subfistqt,
944 2554 987 2616 ut
1000 2541 1094 2616 mori
1109 2543 1282 2638 timuerit,

222 2663 283 2755 qui
299 2681 442 2736 omnem
457 2663 500 2735 ab
519 2659 708 2756 Apostolis
728 2673 906 2738 terrorem
920 2663 1048 2738 mortio
1063 2658 1220 2754 apellens
1240 2663 1282 2734 ad

221 2781 371 2880 gloriam
380 2803 444 2856 eos
454 2781 664 2874 srturertyrii
673 2782 903 2858 adhortatus:
929 2780 1158 2873 turndejnde‚
1177 2801 1283 2884 quern

221 2904 387 2980 dolorem
405 2902 533 2976 mortis
549 2902 714 2994 timeret,
739 2901 926 2996 potestatis
941 2899 1007 2976 suae
1022 2904 1190 2976 libertate
1207 2923 1283 2978 rno·

137 3043 142 3054 ·
220 3021 421 3100 riturutffl
471 3020 558 3095 Hoc
572 3023 668 3098 eninr
687 3024 884 3118 argumenti
901 3043 1052 3120 genere,
1079 3020 1177 3114 quod
1189 3023 1226 3092 in
1238 3043 1283 3096 ec

220 3143 316 3220 libro
348 3141 517 3234 frequens
540 3139 611 3236 est,
648 3143 764 3215 veluti
789 3142 909 3240 gladio
930 3144 1075 3236 ancipiti
1094 3140 1283 3218 fodiuntur

218 3260 473 3363 sententiarum
498 3261 632 3336 etiamst
657 3261 882 3353 adversarum
901 3264 1063 3355 petroni:
1096 3283 1178 3336 cunr
1193 3281 1283 3338 neu

220 3380 286 3454 trie
300 3377 494 3470 succurret,
521 3379 619 3454 unde
632 3364 761 3454 Christi
783 3382 958 3459 virtutem
977 3383 1075 3458 sunu}
1089 3401 1172 3454 curn
1189 3382 1281 3456 infir

218 3501 346 3582 mirate
361 3489 594 3593 co'rnponant.
657 3497 768 3574 Certe
783 3501 867 3576 dum
885 3499 939 3600 §§.
955 3524 1037 3594 55„
1061 3505 1121 3590 56.
1145 3501 1283 3594 hereti·

221 3621 384 3696 corillus
400 3621 467 3694 hec
484 3619 627 3694 ratione
641 3618 887 3715 persequitur,
912 3621 1023 3714 ipsurn
1036 3616 1142 3690 fletus
1154 3613 1281 3694 Christ

219 3741 413 3816 veritatem
435 3737 579 3836 prorsus
600 3739 765 3834 respuisse
788 3740 974 3832 crederes,
1009 3735 1070 3808 nist
1091 3733 1193 3815 uad
1216 3741 1283 3813 cal«

220 3875 301 3934 cern
318 3866 350 3952 §.
368 3878 428 3948 55.
446 3857 643 3950 adjeciffet:
668 3856 754 3949 „Et
766 3870 884 3929 temen
902 3869 991 3930 vere
998 3851 1118 3951 Jesum
1130 3850 1173 3930 C.
1187 3853 1283 3934 fless'e

219 3998 298 4066 nnn
318 3978 464 4052 dubium
485 3974 592 4049 est:“
623 3975 708 4072 ἀι.
727 3980 786 4066 5⁶·
800 3973 847 4048 sre
866 3973 1054 4050 crauuuet:
1088 3972 1214 4064 „Non
1233 3981 1283 4056 ess

219 4095 442 4174 vivificaturi
463 4094 574 4192 flere,
606 4117 675 4171 uec
698 4089 924 4192 glorificandi
941 4095 1086 4173 dolere:
1112 4095 1283 4178 &temer

220 4215 406 4310 vivificet,
432 4217 492 4310 qui
511 4215 545 4290 δι
556 4215 678 4317 fleuit,
705 4216 868 4292 &dunin
982 4201 1017 4301 ,⁸

320 4337 386 4414 Illa
408 4349 528 4413 eutem
551 4336 819 4436 argumentandi
839 4337 984 4414 ratione
1010 4355 1058 4411 eo
1077 4333 1159 4410 usur
1177 4334 1230 4410 est
1250 4341 1281 4416 li

220 4461 388 4554 uentus,
421 4476 495 4553 quo
521 4457 784 4556 magieidoneu
805 4469 882 4530 eret
897 4455 940 4530 ad
960 4457 1199 4553 arrogantiam
1221 4479 1280 4534 ee

217 4599 302 4676 ,rum
315 4579 589 4680 retundendam,
615 4579 676 4676 qui
693 4573 996 4658 omniasechriffi
1005 4573 1172 4672 mysteria
1185 4595 1283 4658 eom

1080 4698 1237 4794 prehen-
