2717 5709
821 581 839 604 F

838 610 906 630 Νη(

135 581 1288 877 u

186 1027 280 1185 76⁹
323 1072 362 1087 ''
453 1080 918 1167 '8.H1nnnrr

184 1244 404 1327 Condititur
431 1266 588 1341 nomque
612 1248 651 1325 in
681 1247 1036 1345 constentinopolin
1066 1250 1254 1333 civitaten

186 1350 252 1428 sub
276 1348 457 1445 presentia
479 1346 678 1425 beatiffimae
696 1354 878 1425 memorie
896 1350 1119 1427 Constantini
1139 1354 1254 1450 lmpe

186 1452 320 1526 ratorir
336 1449 541 1523 Concilium
560 1448 829 1544 episcoporum,
853 1454 912 1545 qui
927 1473 972 1525 ex
987 1453 1107 1525 rnultis
1122 1454 1270 1530 Orien-¹

186 1553 312 1627 talium
330 1550 530 1641 provinciis
547 1550 794 1634 rdvenerunt‚
820 1566 862 1625 ut
880 1552 1064 1628 hominem
1084 1554 1183 1628 malis
1197 1578 1255 1631 re·

184 1655 255 1727 bus
276 1651 450 1725 inbutum
474 1646 599 1725 salubri
620 1652 771 1725 consilio
789 1651 1045 1745 reformarent,
1072 1650 1255 1729 &illead-

184 1753 390 1829 monitione
410 1745 609 1825 sentiiffinre
625 1765 815 1845 correptus
834 1773 854 1824 a
873 1752 1130 1845 predicatione
1153 1752 1255 1829 sacri·

183 1855 265 1951 lega
284 1848 497 1924 discederet:
525 1849 657 1941 quique
671 1852 899 1943 increpantes
918 1852 1040 1944 ilium,
1068 1850 1255 1950 &expro-

183 1955 346 2043 brantes,
372 1970 442 2025 nec
462 1970 538 2024 non
554 1951 736 2023 charitatis
757 1948 887 2025 affeetu
902 1950 1122 2043 postulantes
1135 1958 1253 2027 rnuito

183 2068 367 2144 tempore,
393 2052 667 2143 necquidquam
686 2047 939 2146 proficiebant.
990 2050 1157 2143 Namque
1172 2054 1255 2147 post

181 2170 290 2227 unam
306 2150 541 2223 &secundam
558 2155 760 2242 multasque
775 2152 1043 2243 correptiones,
1070 2170 1151 2225 cunr
1163 2154 1253 2227 nihil

182 2246 367 2349 proficere
395 2246 613 2343 potuiisent:
651 2248 890 2347 (perdurabat
909 2251 1003 2323 enim
1021 2250 1054 2324 δι
1071 2256 1253 2325 contradi·

183 2354 293 2427 cebet
312 2348 417 2421 ret'tae
443 2344 550 2441 fidei,
587 2348 621 2422 δι
644 2353 888 2425 contentione
908 2351 1060 2448 maligne
1082 2350 1250 2426 Ecclesrae

183 2450 375 2526 catholicoe
399 2448 642 2547 resistebam)
669 2450 801 2525 exinde
829 2452 927 2525 illurn
952 2470 1078 2525 omnes
1100 2451 1251 2527 horrere

182 2571 227 2627 rc
246 2552 363 2623 vitare
379 2564 583 2641 coeperunt:
609 2552 644 2621 it
659 2550 847 2642 videnter,
874 2551 1044 2643 quonian
1064 2549 1250 2627 subversus

182 2650 236 2727 est
255 2670 274 2723 a
291 2661 463 2742 peccato,
489 2646 586 2721 &est
602 2670 621 2721 a
638 2647 826 2746 semetipso
845 2650 1044 2742 damnatus,
1070 2650 1153 2724 otiis
1168 2674 1250 2727 eurn

181 2749 425 2831 ecclesiasticis
449 2748 732 2844 damnaverunt,
764 2772 811 2826 ne
838 2752 987 2825 ulterius
1009 2774 1100 2824 oves
1122 2749 1250 2824 Christi

180 2849 357 2947 pestiferis
379 2846 603 2921 contriiibus
624 2854 733 2946 magis
758 2854 965 2924 macularet.
1022 2850 1130 2920 Tunc
1154 2870 1251 2922 nam·

182 2970 253 3042 que
271 2950 375 3023 etiarn
392 2950 467 3039 ejus
483 2950 624 3039 aliquos
643 2951 862 3042 praviffimos
877 2948 993 3022 sensus
1002 2965 1130 3021 contra
1142 2946 1249 3023 fidem

179 3050 312 3125 retinen
330 3048 852 3141 Ecclenanquesanctiffinam‚
879 3051 1249 3141 proptermemorinrn

178 3150 410 3247 posterorum
438 3150 707 3241 cautelamque,
742 3149 809 3223 suis
837 3148 1044 3222 santriffirnis
1065 3147 1247 3241 scripturis

179 3254 219 3326 in
245 3251 395 3324 archivo
418 3251 575 3322 ecciesrae
599 3248 853 3325 condiderunt.
911 3248 981 3322 Sed
1006 3249 1080 3321 haec
1105 3250 1249 3340 quidem

178 3352 373 3428 secundum
390 3351 610 3441 impietatem
621 3346 787 3422 Mar'celli
803 3349 958 3422 heretici
968 3350 1080 3441 prima
1090 3348 1249 3423 fuerunt:

178 3454 306 3546 pejora
323 3449 402 3521 sunt
419 3450 549 3522 deinde
563 3446 759 3521 subsecuta.
811 3447 905 3519 Nam
916 3448 993 3537 quis
1003 3445 1159 3521 fidelium
1173 3470 1249 3522 cre·

179 3553 263 3639 dat,
301 3564 363 3621 aut
388 3552 544 3641 patiatur
569 3570 636 3640 ea,
673 3570 750 3640 quae
767 3548 811 3619 ab
828 3545 904 3639 ipso
921 3549 1013 3620 maie
1031 3547 1127 3641 gesta
1139 3566 1247 3639 atque

179 3648 383 3744 conscripta
401 3649 502 3741 sunt,
535 3669 685 3740 quaeque
707 3648 813 3743 digne
830 3648 1124 3721 anathematizato
1141 3646 1247 3719 sunt?

179 3750 242 3848 (N
245 3774 298 3824 arn
317 3772 397 3824 cunr
411 3748 487 3841 ipso
505 3749 684 3822 Marcello
699 3769 717 3818 a
734 3747 941 3837 parentibus
955 3746 1083 3819 nostris
1099 3748 1133 3819 io
1149 3745 1250 3819 Con-

176 3852 452 3944 stantinopolim
470 3845 688 3944 civitatem.)
718 3846 882 3936 Namque
895 3845 1247 3920 liberiententiarum

179 3966 283 4025 extat
306 3955 341 4023 in
366 3950 475 4041 ipsum
488 3949 532 4020 ab
550 3948 726 4039 episcopis
744 3946 987 4037 conscriptus:
1014 3946 1134 4035 inquo
1150 3947 1247 4019 libro

179 4052 289 4125 etiam
316 4046 397 4140 isti,
431 4048 490 4136 qui
517 4066 615 4115 nunc
639 4066 719 4116 curn
749 4044 825 4136 ipso
845 4045 925 4117 sunt
941 4044 1118 4117 Marcello
1138 4062 1249 4137 atque

176 4150 229 4225 iiii
246 4150 390 4236 favent,
423 4142 543 4233 idest,
571 4143 795 4238 Protogenes
817 4144 972 4217 Serdicae
997 4145 1155 4217 civitatis
1175 4148 1249 4237 epi-

176 4248 310 4344 scopus
332 4248 365 4318 ἂ
382 4245 622 4332 siracusanus,
648 4247 683 4337 in
700 4242 772 4339 ipsa
787 4242 962 4318 sententia
975 4268 1082 4319 manu
1099 4248 1247 4338 propria

178 4345 485 4439 conscripserunt:
511 4364 665 4435 quorum
675 4366 798 4416 rnanus
808 4347 945 4418 Valens
955 4345 1115 4426 testatur,
1136 4342 1247 4417 fidem

177 4446 412 4525 saniiiffirnam
434 4447 536 4518 nuilo
563 4465 695 4542 genere
711 4444 935 4526 mutandam,
962 4467 1030 4517 nec
1049 4443 1244 4520 Ecclesranr

176 4547 329 4624 santiam
340 4546 596 4640 predicatione
607 4543 690 4617 farsa
702 4544 1000 4626 subvertendam
1027 4546 1247 4616 nehocnro·

169 4648 227 4720 do
238 4646 353 4739 pestis
369 4668 411 4721 ac
425 4649 503 4720 lues
519 4647 712 4718 animorum
729 4648 894 4720 omnibus
907 4642 1101 4739 gravissunt
1112 4647 1248 4735 impor-

152 4752 273 4841 tetur,
299 4745 424 4825 Penio
441 4747 611 4828 dicente:
634 4743 723 4822 Sive
736 4766 823 4844 nos,
845 4745 920 4823 sne
930 4746 1075 4843 anqelus
1094 4745 1138 4915 dg
1152 4749 1247 4819 coelo
1270 4740 1277 4755 “

363 4892 368 4903 ·
1099 4859 1202 4917 Um
