2717 5709
188 667 273 745 aaa·
524 640 561 722 S.
610 643 914 723 Hrnarrr

186 811 378 906 emigrato,
404 804 496 881 &de
511 818 608 880 terra
623 807 827 883 viventium
837 810 1033 901 eradicato,
1058 807 1255 906 sanetur·-

187 933 259 1005 que
281 907 420 983 necelse
444 906 496 980 est
513 921 693 997 metuant,
726 930 806 983 curn
822 911 970 983 videant
992 916 1254 1006 metantisque

186 1010 320 1087 divina
340 1004 590 1083 misericordia
606 1008 745 1081 auxiliis
763 1010 937 1103 populum
960 1008 1118 1103 adjutum
1139 1026 1253 1107 atque

185 1108 302 1199 usum,
326 1104 410 1201 post
422 1108 606 1203 ingentem
619 1108 715 1183 illam
731 1107 765 1181 ἀ
781 1110 875 1183 ultra
892 1110 1062 1185 humanas
1071 1132 1161 1207 opes
1171 1116 1253 1211 glo·

184 1210 270 1285 rici
285 1209 386 1305 regni
397 1206 620 1303 dignitatem,
644 1209 836 1283 maximum
853 1208 897 1281 de
910 1206 945 1282 se
957 1229 999 1283 ac
1009 1210 1171 1287 ultimum
1184 1214 1252 1287 hu·

109 1404 113 1411 Ι
184 1330 299 1391 manc
322 1308 530 1382 calamitatis
556 1308 759 1403 exemplum
788 1307 981 1403 prabuilse.
1042 1312 1134 1411 Quia
1152 1316 1249 1391 enim

185 1408 361 1487 memoria
378 1406 563 1481 recenseat
579 1408 741 1499 antiquas
759 1410 883 1504 gloria
905 1410 982 1503 ejus
999 1409 1250 1489 &innumeras

183 1506 438 1597 beatitudines,
464 1526 551 1599 quas
566 1502 812 1601 superiuspr'o
832 1522 934 1604 parte
954 1514 1251 1609 memoravimus,

184 1630 268 1685 cum
286 1606 370 1706 post
387 1605 540 1705 AEgypti
556 1606 683 1680 funera
695 1609 820 1681 itineri
839 1629 967 1683 eorum
984 1608 1135 1686 divisum
1150 1634 1251 1691 mare

184 1708 302 1801 cellit,
331 1728 412 1781 cum
427 1706 592 1781 ardorem
614 1708 685 1781 diei
707 1709 874 1783 columna
889 1710 993 1783 nubis
1012 1712 1249 1809 inumbravit,

186 1832 269 1885 cum
289 1806 405 1883 nodis
427 1808 597 1882 tenebras
619 1809 708 1905 ignis
722 1809 890 1885 columna
902 1806 1070 1903 discussit,
1096 1830 1178 1886 eum
1198 1816 1250 1886 ci-

184 1910 272 1987 bum
291 1912 418 1983 coelum
435 1926 500 2001 per
515 1908 664 2003 angelos
680 1908 852 2003 prebuit,
883 1930 964 1984 curn
984 1912 1123 1987 fontem
1141 1926 1246 2005 petra

183 2010 315 2103 fluxit,
353 2029 434 2082 cum
454 2006 622 2105 Jordanis
647 2006 813 2101 refluxit,
849 2030 931 2083 cum
953 2010 1081 2085 civitas
1093 2013 1244 2087 maxima

183 2114 231 2189 ad
245 2112 357 2185 solum
374 2128 464 2181 arca
480 2105 680 2185 testamenti
697 2108 885 2182 circuitum
899 2112 1074 2203 concidit,
1102 2130 1182 2185 curn
1193 2112 1247 2191 sol

180 2212 230 2289 de
255 2209 358 2287 cursu
379 2205 443 2280 suo
460 2207 633 2279 inhibitus
653 2208 747 2282 diem
767 2206 922 2301 distulit,
959 2208 1140 2285 &diviua
1160 2214 1246 2309 legis

181 2310 280 2389 ordo
302 2328 348 2380 ex
366 2308 431 2380 illo
446 2308 707 2381 elementorum
724 2307 914 2382 coelestium
931 2308 1106 2384 indefesso
1120 2313 1246 2408 imper·

180 2411 402 2499 mrbatoque
415 2420 519 2481 motu
529 2406 662 2479 adbelli
673 2426 809 2481 moram
819 2408 963 2485 restitit:
986 2409 1246 2502 postillamde·

181 2512 266 2587 iude
287 2509 418 2582 divinae
438 2504 678 2599 majestatis&
704 2506 913 2599 conspectus
931 2509 1123 2583 &auditus
1146 2512 1245 2588 fami·

178 2612 390 2695 siceitatem,
414 2605 623 2680 consumtos
640 2624 704 2680 eos
720 2607 845 2700 bellis,
871 2609 964 2684 farne
981 2624 1183 2702 emortuos,
1211 2611 1246 2685 dt

180 2726 290 2787 antea
312 2721 542 2783 mortuorum
564 2706 799 2781 cadaueribus
823 2708 866 2781 ad
890 2721 1043 2784 mortem
1063 2707 1166 2782 sanris'
1184 2732 1243 2802 pa·

179 2810 278 2902 ilos,
303 2810 462 2897 reliquos
481 2806 610 2881 deinde
628 2808 665 2879 in
679 2806 888 2881 servitutem
907 2806 1090 2900 redasios,
1117 2811 1241 2882 exules

140 2944 149 2965 ·
179 2915 315 3002 ubique
336 2907 428 3000 elle,
465 2908 597 2999 ubique
613 2907 828 3003 degeneres,
861 2930 1034 3003 nusquam
1053 2911 1242 3005 cognitos,

179 3012 317 3103 semper
335 3030 473 3101 novos,
499 3009 793 3082 &demutatione
806 3010 984 3082 incolatus
1001 3010 1245 3105 semperigno-

178 3113 291 3202 biles,
329 3107 464 3200 semper
489 3106 651 3179 alienos?
693 3108 767 3199 Jam
792 3109 1001 3203 sisiiiritales
1020 3112 1097 3199 quis
1116 3112 1242 3182 oculos

179 3215 314 3308 erigat,
348 3208 391 3280 de
411 3208 537 3299 quibus
556 3206 736 3280 Dominus
757 3210 822 3282 ait:
859 3207 1012 3283 Elevate
1031 3213 1159 3281 ocrilos
1183 3233 1243 3281 ve·

179 3312 298 3401 siros,
325 3309 498 3382 &videte
519 3312 706 3404 regiones,
734 3314 813 3401 quia
829 3311 915 3382 albae
933 3308 1066 3379 suntad
1080 3306 1243 3395 mallem3

180 3426 258 3487 tum
281 3412 364 3484 sciat
385 3406 526 3481 avulsos
543 3408 611 3481 else
635 3431 677 3482 ex
698 3411 884 3483 consortio
907 3409 1072 3496 corporis
1093 3403 1180 3492 Dei,
1210 3408 1245 3477 dt

180 3532 227 3585 eu
250 3513 315 3582 illo
331 3510 562 3583 beatitudinis
582 3530 718 3602 regno,
746 3530 790 3579 ex
810 3509 872 3578 illo
891 3501 1155 3574 resurreslionis
1177 3504 1244 3577 ho-

178 3628 293 3696 nore,
321 3608 355 3678 &
370 3607 439 3679 elle
455 3607 526 3678 stne
544 3606 614 3677 Dei
630 3606 784 3696 Spiritu,
819 3604 889 3676 sine
906 3602 1142 3698 intelligentia
1161 3627 1244 3697 pro·

178 3709 330 3806 phetiae,
358 3704 647 3792 constitutosque
662 3704 833 3797 gehennae
850 3703 1037 3796 pabulum,
1074 3723 1164 3793 quos
1181 3706 1243 3776 im·

179 3807 342 3887 mortalis
360 3805 493 3875 vermis
514 3802 679 3873 exesurus
697 3802 756 3891 sit,
791 3803 823 3873 st
849 3804 1128 3899 inextinguibilis
1152 3807 1241 3898 ignis

179 3922 420 3985 crematurus:
447 3920 598 3993 quorum
616 3899 700 3973 sciat
721 3902 995 3998 legislationem,
1024 3924 1175 3994 quorum
1191 3919 1243 3974 te-

123 4065 129 4073 .
178 4010 370 4093 ramenta,
397 4022 549 4095 quorum
567 4016 707 4095 patres,
734 4024 779 4075 ex
798 4005 926 4094 quibus¹
945 4001 1103 4076 Christus
1122 4002 1244 4075 settin.

179 4111 264 4185 dum
289 4126 451 4195 carnem,
486 4104 545 4194 qui
567 4101 740 4194 estsuper
762 4107 882 4178 omnia
900 4106 1011 4176 Deus.
1090 4106 1242 4200 Quanto

178 4230 270 4305 ergo
294 4210 357 4281 has
380 4204 625 4278 damnationes
647 4225 774 4281 eorum
797 4205 830 4277 u
854 4205 1033 4300 presentis
1051 4203 1083 4273 a
1102 4218 1244 4275 aeternae

178 4308 388 4387 calamitatis
414 4304 519 4383 senili
547 4306 677 4404 quique
705 4323 802 4387 metu
829 4311 1122 4384 contuebuntur,
1162 4308 1243 4415 quia

1088 4422 1190 4500 pum·
