2717 5709
136 581 1288 879 u

92 1090 254 1175 .tdi
367 1176 370 1181 ,
518 1086 910 1169 8.Ηῐιιιιι

180 1250 332 1349 idlpsum
355 1250 531 1345 repetitus
556 1248 671 1325 sermo
690 1248 885 1348 significet,
911 1264 1088 1347 tamquam
1109 1256 1167 1329 ilii·
1176 1252 1253 1335 sola

208 1354 344 1429 entium
377 1364 491 1426 terras
517 1351 803 1427 'inhabitantium
838 1353 972 1427 donata
999 1354 1163 1449 possessio
1193 1356 1250 1435 lit.

225 1474 274 1527 on
295 1454 388 1531 enim
412 1454 479 1525 ait:
521 1454 567 1525 Et
586 1448 788 1549 poffiffimem
816 1470 906 1524 ruam
933 1474 1047 1545 usque
1070 1459 1251 1531 terminon

181 1564 307 1645 terra,
333 1544 392 1627 sed
412 1558 562 1625 ammims
580 1570 684 1625 terre.
737 1550 860 1625 Abeo
885 1568 1025 1648 autem,
1059 1555 1156 1648 quod
1176 1572 1250 1629 ter-

179 1654 352 1745 minatur,
377 1651 427 1745 id,
453 1652 553 1745 quod
564 1654 747 1739 terminat,
774 1652 907 1728 differt.
958 1652 1248 1749 Nequeidipsum

180 1750 254 1847 est,
288 1750 429 1827 finitum
453 1750 544 1846 effe,
577 1769 686 1845 atque
711 1751 825 1828 finire.
889 1752 1022 1844 Neque
1043 1775 1154 1829 unum
1171 1756 1249 1849 est,

179 1853 329 1929 modum
351 1851 489 1928 sumere
515 1867 624 1945 atque
644 1854 847 1928 moderari:
893 1874 1048 1945 quorum
1081 1855 1175 1928 aliud
1192 1858 1249 1930 in·

179 1953 294 2029 terius
318 1952 467 2031 modum
494 1954 647 2048 accipit,
689 1952 783 2025 aliud
809 1954 968 2027 exterius
995 1955 1153 2045 quodam
1176 1979 1250 2031 am·

178 2052 261 2127 bitu
284 2049 349 2126 suo
371 2052 587 2150 objectuque
612 2052 835 2129 moderatur.
896 2050 986 2127 Non
1011 2056 1105 2127 enim
1131 2060 1180 2128 ita
1210 2058 1251 2133 in

177 2152 401 2247 profundum
421 2153 578 2237 demersa
594 2153 645 2227 est
659 2167 778 2245 terra,
813 2166 872 2226 aut
887 2153 923 2225 in
944 2154 1167 2229 latitudinem
1186 2179 1251 2228 ex-

176 2250 292 2345 tensa,
317 2268 380 2327 aut
400 2256 541 2347 prolata
554 2254 590 2327 in
607 2255 718 2327 altum
736 2252 799 2337 est,
824 2266 956 2326 utnon
976 2254 1250 2347 undiquesecus

180 2364 245 2433 aut
260 2352 494 2449 circumfuso,
517 2366 580 2427 aut
593 2352 808 2447 subjacentis
823 2352 886 2426 srbi
902 2365 1039 2427 naturae
1058 2357 1249 2427 continea-

177 2468 241 2527 tur
259 2452 415 2545 objectu.
464 2453 569 2529 Hanc
584 2456 679 2528 enim
697 2454 844 2527 insernae
853 2452 1076 2528 vastitudinis
1088 2454 1249 2531 demersa

178 2554 217 2627 dt
233 2552 401 2628 immensa
421 2552 563 2647 abyssus
581 2551 768 2628 sustentat:
806 2553 898 2627 hanc
922 2554 1123 2633 circumfusi
1141 2556 1175 2628 δι
1194 2554 1251 2629 su-

163 2655 283 2756 ‚perri
298 2654 389 2727 aeris
410 2651 550 2747 spiritus
568 2654 750 2727 inumbrat
763 2665 871 2744 atque
891 2656 1013 2730 ambit.
1065 2657 1177 2757 Quod
1187 2678 1248 2729 au-

177 2768 254 2829 tom
276 2751 428 2846 objecta
451 2753 512 2827 sibi
529 2754 653 2848 abysso
670 2752 830 2849 suspensa
844 2754 906 2848 stt,
945 2754 1127 2848 Propheta
1143 2755 1249 2828 testa-

178 2866 239 2929 tur
259 2856 399 2926 dicens:
432 2854 509 2947 lpse
530 2854 633 2950 super
647 2856 755 2928 maria
775 2853 942 2928 fundavit
956 2875 1053 2944 eam,
1087 2855 1119 2923 dt
1141 2853 1247 2944 super

179 2953 325 3027 flumina
349 2958 562 3049 praeparavit
583 2958 690 3028 illam.
743 2952 792 3026 Et
809 2954 958 3027 rursum:
993 2953 1066 3054 Qui
1085 2952 1246 3028 firmavit

178 3068 310 3127 terram
341 3054 445 3146 super
471 3076 588 3144 aquas.
639 3052 687 3126 Et
707 3056 799 3127 hanc
816 3053 1015 3128 immensam
1038 3072 1145 3143 atque
1167 3054 1247 3126 insi·

178 3154 291 3228 nitam
318 3156 517 3228 vastitatem
539 3153 698 3247 abyssum
714 3155 897 3247 Scriptura
916 3154 1018 3226 solita
1040 3154 1089 3227 est
1108 3174 1243 3225 nuncu·

176 3274 286 3348 pare,
314 3276 395 3329 curn
413 3257 507 3349 Jona
523 3255 618 3327 intra
629 3268 749 3327 cetum
767 3271 894 3326 orante
912 3256 1062 3329 dicitur:
1089 3253 1245 3345 Abyilus

176 3358 291 3429 multa
313 3355 543 3429 circumfudit
569 3378 638 3429 me.
701 3352 826 3446 Atque
847 3355 923 3426 haec
946 3355 1086 3446 quidem
1106 3354 1246 3427 infinita

177 3454 415 3546 immensitas,
442 3476 519 3546 quae
534 3453 726 3528 secundum
745 3457 847 3526 verbi
864 3459 1121 3546 proprietatem
1137 3458 1171 3525 in
1184 3459 1244 3526 ab·

175 3550 256 3648 yslo
273 3552 456 3650 significari
475 3554 706 3650 intelligitur,
733 3552 875 3646 spiritali
898 3552 1076 3627 &divina
1092 3553 1245 3625 substan-

174 3654 236 3727 tiae
263 3653 314 3730 est
341 3652 604 3746 circumscripta
627 3657 784 3746 virtute,
823 3654 1016 3728 secundum
1038 3654 1122 3726 illud
1139 3655 1243 3743 Apo·

176 3753 282 3828 stoli:
309 3757 491 3850 Quoniam
507 3758 626 3827 omnia
639 3757 675 3827 in
693 3755 785 3849 ipso,
811 3756 844 3828 dr
861 3775 924 3846 per
941 3754 1065 3844 ipsum,
1092 3754 1150 3843 ipsi
1166 3757 1242 3847 glo-

175 3855 230 3929 ria
255 3858 291 3928 in
317 3853 434 3929 secula
456 3853 669 3929 seculorum.
720 3854 803 3928 Esse
822 3871 940 3925 autem
968 3856 1074 3942 hujus
1094 3854 1245 3927 inferna

175 3954 337 4051 regionis
354 3956 530 4045 vastaque
547 3955 652 4047 abyssi
671 3955 808 4026 incolas
823 3954 957 4047 plures,
983 3953 1078 4023 beati
1092 3955 1244 4046 loannis

176 4056 399 4147 Apocalypsi
416 4055 607 4127 docemur:
635 4075 715 4127 cum
732 4055 849 4126 nullus
865 4073 983 4141 neque
998 4053 1033 4123 in
1048 4055 1154 4144 colo,
1182 4078 1245 4127 nc-

177 4175 248 4247 quc
266 4152 367 4246 supra
381 4168 534 4246 terram,
566 4176 685 4245 neque
702 4154 793 4226 infra
812 4168 943 4227 terram
964 4153 1186 4248 obsignatum
1204 4157 1246 4226 li·

176 4253 806 4348 brumdignusestrepertusaperire.
857 4253 1245 4345 Nonutiquedemor·

177 4358 248 4428 tuis
271 4354 505 4427 &interram
526 4354 671 4447 sepultis
686 4350 882 4450 significare
901 4356 1131 4448 intelligitur,
1160 4372 1244 4425 cunr

176 4454 221 4529 ad
246 4456 343 4527 tertii
365 4456 542 4529 incolatus
567 4456 930 4546 demonstrationem,
964 4477 1040 4527 non
1066 4454 1124 4543 qui
1146 4452 1244 4525 intra

174 4568 322 4645 terram,
350 4555 407 4627 sed
427 4557 485 4646 qui
505 4555 598 4626 insta
615 4568 766 4641 terram;
792 4577 911 4647 neque
929 4557 987 4647 qui
1001 4552 1133 4625 mortui
1146 4551 1244 4641 sunt,

170 4656 233 4729 kd
253 4658 312 4744 qui
334 4657 486 4747 vivunt,
514 4656 624 4728 ullum
641 4657 677 4727 in
694 4654 730 4727 se
744 4656 940 4752 resignandi
957 4654 1034 4725 libri
1049 4649 1246 4726 habuerint

153 4752 357 4833 audiorem.
417 4757 512 4839 Cum
528 4777 619 4860 ergo
638 4755 802 4859 pollelho
817 4771 922 4832 terre
936 4753 1058 4828 finium
1076 4753 1244 4924 Dhommo

1122 4872 1206 4922 Wh-
