2717 5709
512 1050 1091 1223 Trunca-anua
1138 1138 1241 1193 nt
1288 1110 2450 1213 xcv111.Pu1.uuu.533

298 1282 661 1377 nequitias
712 1278 1117 1354 conlistere.
1238 1278 1383 1355 Sed
1428 1266 2013 1354 adhortationem
2067 1300 2160 1353 ex
2189 1278 2450 1355 miseri-

308 1385 561 1459 cordia
594 1382 731 1456 Dei
774 1378 1042 1473 sperat:
1096 1391 1180 1452 ut
1214 1380 1598 1454 tribulatus
1636 1379 1810 1455 licet
1843 1379 1912 1452 ἀ
1946 1378 2290 1475 εΗὶίὁὶιιε,
2343 1380 2446 1455 di-

306 1485 501 1558 vinae
542 1480 1069 1556 adhortationis
1118 1480 1389 1554 auxilio
1435 1476 1784 1555 firmetur.
1882 1476 2038 1553 Scit
2075 1479 2142 1552 &
2185 1482 2442 1557 beatus

302 1582 675 1678 apostolus
703 1578 995 1669 Paulus,
1046 1580 1241 1653 omni
1282 1579 1427 1672 ipse
1463 1580 1951 1655 tentationum
1987 1599 2255 1676 genere
2282 1602 2441 1676 per·

300 1680 615 1775 funEtus,
666 1682 771 1755 uti
812 1678 881 1753 se
910 1680 1172 1753 divinae
1208 1677 1708 1754 misericordiae
1740 1678 2282 1773 adhortatione,
2335 1682 2440 1757 di·

304 1804 511 1858 cens·
536 1779 955 1857 Benedictus
972 1779 1173 1853 Deus
1194 1794 1398 1871 pater
1399 1778 1712 1855 Domini
1727 1777 1950 1853 nostri
1965 1777 2130 1875 Jesu
2148 1778 2436 1867 Christi,

298 1896 509 1979 pater
553 1881 1129 1993 milerationum3
1198 1878 1264 1951 ἀ
1306 1878 1512 1951 Deus
1572 1879 1806 1953 omnis
1852 1879 2436 1977 exhortationis,

300 1983 423 2075 qui
462 1982 887 2055 exhortatur
918 2000 1055 2052 nos
1096 1982 1167 2051 in
1202 1979 1402 2053 omni
1440 1980 1931 2059 tribulatione.
2037 1976 2135 2051 Et
2173 1981 2439 2055 adhor.
2521 2056 2554 2077 ·

295 2082 655 2157 tationem
694 2081 879 2153 hanc
910 2078 1039 2152 seit
1071 2078 1195 2153 fibi
1222 2077 1588 2185 Propheta
1614 2078 2020 2176 promissam
2054 2101 2093 2153 a
2123 2080 2286 2153 Deo
2314 2103 2432 2175 pa·

296 2195 416 2256 tre
450 2182 515 2253 &
539 2180 860 2253 Domino
878 2170 1484 2295 miserationum,
1489 2186 1606 2270 qui
1633 2198 1758 2269 per
1777 2181 2222 2255 tentationes
2241 2202 2432 2277 eum,

291 2282 523 2375 quiin
558 2276 627 2355 se
672 2280 959 2371 credat,
1014 2280 1408 2355 examinet.
1462 2294 1678 2372 atque
1707 2280 1878 2353 ideo
1918 2279 2254 2371 subjecit.
2313 2285 2430 2353 Se-

290 2385 571 2454 cundum
601 2382 861 2451 verbum
892 2396 1071 2454 tuum
1094 2380 1281 2469 servo
1312 2389 1492 2471 ἠως
1533 2379 1606 2453 id
1648 2377 1793 2471 est,
1844 2378 2228 2453 secundum
2271 2402 2427 2458 eam

290 2481 871 2576 promiffionem‚
947 2500 1085 2571 qua
1125 2478 1599 2573 spoponderit
1640 2476 1710 2553 se
1741 2480 2126 2553 tribulatos
2169 2480 2238 2555 in
2281 2480 2432 2573 pas-

287 2579 611 2658 sionibus
638 2602 791 2655 non
832 2578 1265 2654 relieturum.
1389 2579 1599 2652 Dixit
1631 2578 1817 2653 enim
1854 2581 1928 2653 in
1975 2574 2428 2677 Evangeliis:

292 2668 479 2755 Cum
529 2702 699 2777 ergo
735 2680 1022 2753 tradent
1058 2701 1241 2768 vos,
1315 2680 1547 2752 nolite
1574 2680 1930 2775 cogitare,
2003 2681 2424 2775 quomode,

295 2795 422 2853 aut
456 2781 621 2871 quid
654 2780 1085 2871 loquamini3
1139 2779 1423 2852 dabitur
1458 2780 1646 2853 enim
1674 2779 1893 2853 vobis
1927 2781 2002 2851 in
2034 2779 2150 2851 illa
2192 2780 2421 2874 hora,

292 2880 463 2972 quid
504 2882 914 2971 loquamini.
1022 2878 1202 2952 Non
1239 2880 1429 2952 enim
1462 2901 1604 2953 vos
1631 2877 1822 2974 estis,
1875 2880 1994 2994 qui
2019 2880 2423 2976 loquimini,

291 2980 414 3054 sed
446 2979 747 3074 Spiritus
789 2982 1007 3074 patris
1049 2978 1311 3072 vestri,
1367 2982 1486 3072 qui
1525 2981 1893 3073 loquitur
1875 3001 1946 3051 m
1981 2981 2221 3056 vobis.
2324 2978 2425 3056 Et

284 3080 435 3155 hoc
475 3082 801 3173 quidem,
856 3095 1197 3171 quantum
1240 3079 1327 3153 ad
1364 3080 1664 3172 praesens
1703 3083 2020 3173 pertinet
2051 3094 2356 3172 tempus,

498 3200 609 3266 15.
660 3180 948 3253 Futurae
1002 3196 1241 3251 autem
1276 3178 1415 3269 spei
1451 3179 1816 3272 Propheta
1851 3202 2003 3253 non
2042 3184 2421 3256 immemor

284 3276 430 3369 est,
483 3277 765 3350 dicens·
835 3283 907 3347 1'
898 3283 1125 3347 eniam
1163 3278 1324 3345 mihi
1352 3284 1781 3365 miserationes
1815 3298 1974 3363 tue,
2026 3276 2101 3354 Θ
2143 3286 2410 3355 vivam:

283 3383 443 3479 quia
481 3379 586 3447 lex
634 3394 751 3446 tua
802 3378 1126 3447 meditatio
1170 3401 1304 3445 mea
1337 3378 1434 3472 est.
1551 3374 1848 3451 Naturae
1880 3379 2332 3469 corporalis
2314 3401 2417 3453 ln·

284 3477 586 3554 firmitas
622 3490 786 3571 eget
817 3472 1386 3551 miserationibus
1419 3474 1582 3550 Dei.
1687 3474 1952 3569 Neque
1976 3481 2161 3551 enim
2188 3480 2416 3554 beatae

281 3580 469 3653 illius
532 3576 702 3649 vitae
746 3578 1215 3651 eternitatem
1248 3574 1586 3667 consequi
1627 3581 1891 3651 merito
1924 3576 2048 3651 suo
2082 3583 2409 3673 poterit,

281 3678 407 3754 nisi
444 3677 1013 3753 miserationibus
1055 3678 1247 3769 ejus,
1323 3678 1437 3768 qui
1471 3691 1673 3769 pater
1701 3676 2232 3755 miserationum
2269 3679 2410 3773 est,

280 3780 757 3873 provehatur.
860 3779 1010 3851 Scit
1046 3776 1410 3870 Propheta
1441 3778 1763 3850 nondum
1795 3777 1862 3851 se
1901 3800 1982 3851 ea
2022 3780 2276 3851 vivere
2304 3782 2414 3852 vi-

282 3891 389 3967 ta,
444 3901 596 3970 quae
628 3882 778 3951 vita
810 3879 926 3952 fit:
978 3898 1194 3951 nemo
1229 3880 1414 3950 enim
1435 3876 1752 3951 nostrum
1774 3878 1947 3967 hoc,
1997 3879 2191 3970 quod
2215 3900 2412 3953 nunc

279 3978 514 4071 vivit,
566 3981 789 4052 vitam
825 3980 1117 4052 audebit
1151 3976 1571 4051 existimare.
1675 3976 1898 4051 Nunc
1929 3982 2114 4051 enim
2152 3981 2222 4051 in
2248 3999 2412 4051 cora

279 4096 465 4172 pore
497 4082 750 4152 mortis
786 4078 1062 4168 sumus,
1134 4076 1357 4150 Paulo
1393 4079 1713 4151 dicente:
1793 4080 1973 4177 Quis
2014 4102 2125 4153 me
2158 4080 2410 4152 libera-

279 4178 389 4250 bit
432 4175 874 4273 de·corpore
916 4180 1171 4252 mortis
1222 4176 1484 4269 hujus?
1565 4174 1658 4251 Et
1693 4178 1841 4252 hoc
1878 4178 2095 4271 ipsum
2143 4182 2406 4255 eodem

278 4276 427 4352 hoc
454 4275 815 4377 Propheta
850 4276 1153 4351 testante
1183 4280 1316 4351 ita:
1377 4275 1472 4350 Et
1499 4280 1572 4350 in
1604 4280 2259 4369 pulverem-mortis
2290 4282 2408 4354 de·

277 4373 533 4450 duxisti
580 4397 716 4473 me.
822 4378 1019 4451 Vera
1058 4378 1245 4452 enim
1278 4392 1443 4450 ·v1ta
1479 4377 1721 4451 nostra
1752 4398 1915 4452 cum
1964 4377 2251 4452 Christo
2285 4380 2404 4452 ab·

277 4472 522 4551 sconsa
555 4474 756 4548 estin
793 4475 984 4552 Deo,
1085 4477 1227 4551 Sed
1254 4500 1491 4571 neque
1520 4479 1712 4570 haec,
1766 4478 2009 4571 inqua
2036 4498 2228 4551 nunc
2265 4480 2405 4573 agi-

277 4596 477 4668 mus,
529 4578 737 4671 regio
774 4578 1173 4651 viventium
1212 4576 1347 4651 est·
1402 4598 1486 4651 ea
1526 4591 1759 4650 autem
1801 4574 1946 4669 est,
1994 4577 2082 4652 de
2113 4599 2250 4670 qua
2286 4578 2403 4651 hic

276 4673 465 4749 idem
512 4674 878 4772 Propheta
922 4678 1064 4761 ait,
1128 4676 1226 4750 Et
1261 4678 1738 4771 complacebo
1779 4676 2007 4749 Deo
1987 4700 2060 4750 m
2102 4682 2399 4794 regione

276 4775 671 4857 vivorums
748 4775 998 4873 Atque
1027 4778 1196 4853 ideo
1212 4784 1442 4850 vivam
1461 4778 1702 4853 dixit:
1729 4776 1894 4872 quia
1911 4796 2065 4853 non
2083 4774 2204 4849 usu
2233 4781 2404 4851 vitae

1214 4878 1279 4957 L
1303 4880 1333 4954 l
1383 4898 1430 4975 2
2109 4875 2344 4946 &xxxx
