2717 5709
307 1028 597 1113 'functurus
621 1050 672 1105 ru
695 1024 825 1110 LXII.
849 1022 1089 1113 Pautuum.
1169 1050 1242 1133 μς

170 1200 307 1303 gaudiis
328 1195 445 1273 sensus
471 1196 639 1290 corporis
654 1194 852 1287 imbuatur,
890 1193 1013 1269 idest:
1048 1196 1079 1270 s1·
1097 1216 1174 1272 non
1192 1199 1242 1275 se·

170 1303 328 1377 cundum
353 1318 517 1388 carnem,
555 1294 614 1369 sed
635 1293 826 1369 secundum
842 1290 1002 1387 spiritum
1020 1296 1238 1377 vixerimus:

171 1406 254 1497 quia
271 1400 411 1494 spiritus
432 1395 619 1487 carnisque
639 1414 766 1487 opera,
793 1392 984 1467 secundum
999 1394 1236 1495 Apostolum,

168 1503 347 1575 vitiorum
366 1494 646 1570 &continentiae
662 1493 783 1567 studiis
800 1492 1067 1589 distinguantur.
1117 1496 1239 1571 Ardu.

166 1622 228 1676 um
252 1614 393 1675 autem,
429 1596 487 1669 sed
507 1596 658 1669 maxime
676 1613 804 1669 verum
822 1592 894 1676 est,
932 1594 1165 1671 aeternitatem
1186 1600 1238 1675 ita

168 1700 356 1793 corporis,
383 1713 424 1768 ut
440 1696 563 1769 animae
580 1693 732 1788 sperare.
784 1690 833 1765 Et
845 1692 930 1767 ideo
946 1684 990 1767 ad
1008 1693 1099 1769 sitim
1113 1699 1238 1773 anime

166 1800 352 1895 Propheta
367 1795 533 1889 subjecit:
560 1800 686 1867 Sitivit
704 1794 987 1881 ridicularum,
1012 1796 1235 1892 quamfimpli.

164 1909 248 1971 citer
272 1924 341 1968 caro
359 1922 444 1983 mea,
478 1896 566 1970 nihil
582 1898 620 1967 in
636 1894 669 1968 se
687 1894 748 1967 sub
763 1890 982 1968 infidelitatis
1002 1896 1237 1991 ambiguitate

164 2000 326 2075 retinens
342 1998 536 2070 incertum:
575 1993 635 2068 sed
649 2009 722 2068 tam
740 1990 966 2089 simpliciter,
998 2014 1102 2087 quam
1121 1998 1237 2072 anima

164 2100 253 2173 Deo
268 2099 400 2177 sitiens,
426 2094 737 2170 &carosuasrtiat
788 2092 973 2169 sititenim
983 2104 1059 2169 non
1069 2099 1235 2191 corpori,

165 2198 227 2275 sed
247 2198 333 2271 Deo
346 2198 479 2272 sitiens.
530 2193 626 2270 Nam
644 2196 807 2287 quamvis
823 2215 904 2269 eum
921 2196 957 2268 in
972 2193 1127 2290 deserto,
1156 2195 1237 2273 &in

163 2299 294 2384 invio,
329 2298 363 2370 dt
393 2293 567 2388 inaquoso
589 2310 793 2371 manentem
812 2294 995 2369 neceilitas
1012 2293 1083 2388 ipsa
1098 2309 1238 2371 natura

164 2399 211 2471 ad
230 2398 318 2471 sitim
340 2398 507 2489 corporis
528 2394 726 2468 detineret:
762 2408 882 2468 tamen
901 2396 1006 2467 etiam
1026 2415 1091 2489 per
1105 2396 1168 2469 has
1183 2398 1237 2471 in·

162 2498 255 2571 ediae
279 2494 314 2568 n
337 2497 409 2569 fitis
430 2496 604 2589 passiones
622 2494 689 2566 scit
704 2491 812 2569 fidem
829 2492 1050 2589 probandam
1069 2494 1139 2569 esse
1157 2516 1235 2571 cre·

163 2598 350 2685 dentium
376 2608 419 2667 ut
433 2596 545 2689 magis
560 2594 676 2667 anima
697 2592 806 2685 Deo,
832 2614 936 2685 quam
959 2596 1109 2690 corpori
1127 2595 1236 2693 sitiat,-

167 2698 289 2770 srtiens
308 2698 340 2769 ἀ
359 2696 527 2789 corpori:
554 2693 898 2786 quianequefamea‚
925 2694 1233 2791 nequeangustiae,

164 2818 285 2886 neque
302 2799 372 2868 ulla
390 2817 521 2892 genera
538 2794 731 2888 pallronum
747 2816 766 2866 a
781 2794 954 2867 charitate
973 2793 1064 2887 Dei,
1093 2817 1169 2887 quae
1183 2797 1236 2873 est

163 2898 201 2969 in
224 2895 385 2987 christu,
425 2896 492 2969 smt
517 2894 737 2988 Apostolum
762 2894 974 2986 separatura.
1035 2894 1118 2969 Sitit
1143 2918 1234 2993 ergo

161 2994 248 3069 Deo
264 2996 423 3074 Saucius.
474 2992 523 3066 Et
539 2996 623 3085 quid
637 2995 743 3087 sitiat,
770 2994 903 3087 psalmo
921 2998 991 3069 alio
1006 2993 1152 3070 testatus
1167 2997 1232 3091 est,

162 3096 358 3168 cumdicit:
383 3094 1056 3186 SitivitanimameaadDeumvivum‚
1085 3098 1230 3188 qnando

160 3196 330 3283 veniam,
368 3195 557 3283 &parebo
579 3208 661 3264 ante
679 3194 806 3266 faciem
829 3209 938 3267 tuam.
1004 3196 1090 3267 Hoc
1108 3200 1232 3272 animae

161 3292 390 3380 desiderium,
417 3293 493 3362 haec
508 3292 578 3363 sitis
597 3291 668 3382 spei
686 3294 761 3381 ejus
780 3290 843 3384 est,
868 3306 912 3363 ut
928 3291 998 3366 Dei
1016 3292 1077 3366 srbi
1096 3315 1231 3386 prove·

161 3394 239 3464 niat
262 3388 439 3481 ailredus,
473 3403 515 3459 ut
538 3411 640 3479 quarn
665 3391 817 3483 primum
839 3406 961 3484 raptus
985 3395 1022 3467 in
1047 3397 1230 3493 nubibus,

161 3488 249 3564 Deo
269 3490 408 3561 Christo
425 3491 573 3563 obviarn
588 3492 751 3563 elevatus
769 3508 949 3584 appareat.

263 3614 298 3678 4.
328 3588 374 3660 Et
393 3588 553 3661 desiderii
573 3589 676 3681 hujus
698 3590 861 3666 affedtum
877 3613 973 3665 nunc
987 3594 1232 3684 quoquePro·

159 3692 270 3786 pheta
289 3691 458 3763 declarat.
509 3690 605 3762 Nam
625 3688 707 3782 post
720 3690 790 3762 sitis
810 3692 1124 3783 protestationem,
1150 3694 1231 3787 post

163 3791 312 3879 deserti,
342 3791 375 3860 dt
391 3790 495 3881 invii,
523 3788 734 3879 &inaquost
751 3790 923 3880 inopiam,
950 3794 1031 3881 quia
1046 3794 1082 3863 in
1101 3794 1154 3865 lris
1167 3816 1231 3867 ve·

162 3892 229 3960 iuti
247 3891 369 3963 militia
392 3891 425 3962 ἂ
447 3889 602 3962 vistorla
616 3889 658 3961 stt
675 3886 781 3982 fidei,
808 3888 975 3983 subjecit:
1003 3895 1060 3962 Sic
1072 3893 1231 3982 instantio

162 3996 295 4081 apparui
310 3993 382 4075 tili,
407 4006 447 4061 ut
461 3994 598 4061 viderem
612 3994 770 4061 uirtutem
786 4005 888 4077 tunm,
914 3988 952 4067 ὕ
965 3992 1099 4083 gloriam
1119 4010 1228 4064 tuam:

161 4094 241 4184 quia
255 4090 361 4159 melior
377 4091 588 4178 misericordia
603 4106 659 4159 tua
671 4090 767 4185 super
775 4095 892 4162 vitam.
946 4090 1152 4184 Prophetiae
1166 4094 1230 4167 sci·

163 4188 261 4257 entia
282 4186 333 4256 est
350 4208 418 4277 pro
441 4192 603 4283 gerendis
623 4190 718 4285 gella
735 4210 946 4266 memorare.
997 4188 1046 4264 Et
1065 4194 1148 4265 hinc
1161 4194 1230 4267 sre-

161 4306 276 4377 quens
294 4285 484 4358 audioritas
500 4289 573 4381 est,
601 4310 680 4362 cum
699 4305 805 4363 aceto
821 4308 1046 4383 potaverunt
1063 4293 1178 4366 adhuc
1191 4296 1230 4369 in

161 4386 318 4479 paffionc
346 4387 565 4479 potandum,
603 4410 685 4461 cum
712 4390 927 4463 disciderunt
952 4390 1106 4481 vestem,
1149 4412 1227 4483 qua

161 4486 388 4557 discindenda
405 4487 485 4579 post
501 4487 599 4562 esset.
654 4486 709 4558 Ut
732 4494 879 4563 nuncin
898 4490 950 4563 srti
962 4491 1127 4581 corporis
1142 4490 1226 4564 Deo

160 4584 302 4676 sitiens,
329 4588 360 4657 ei
378 4588 414 4658 in
432 4586 562 4659 Studio
578 4586 641 4660 suo
658 4589 737 4660 talis
753 4602 922 4681 apparet,
949 4588 985 4662 in
1004 4588 1228 4681 simplicitate

160 4686 296 4778 carnis,
323 4688 358 4759 iu
380 4687 433 4760 siti
450 4688 598 4781 anima,
624 4683 660 4759 in
681 4691 849 4764 oratione
868 4688 1030 4765 diluculi:
1056 4692 1226 4783 quianon

661 4785 693 4858 X
720 4809 742 4881 3
1116 4789 1179 4867 nist
