2717 5709
136 581 1288 883 —

371 930 378 949 ,
1135 924 1141 937 ,

180 1126 249 1209 asli
512 1110 553 1191 S.
600 1116 908 1229 iiraaart

175 1280 234 1369 nil
248 1274 320 1369 est,
353 1274 568 1373 prescriptis
588 1278 687 1351 velle
703 1298 841 1371 parere.
899 1274 948 1353 Et
967 1278 1107 1369 idcirco
1128 1280 1248 1357 stlta

176 1376 277 1553 ‘rt'Js
298 1378 360 1453 ille
376 1376 449 1473 est,
485 1379 591 1471 cujus
605 1378 644 1453 in
657 1376 729 1453 Dei
749 1382 827 1480 lege
843 1398 920 1455 non
937 1382 1047 1457 timor
1066 1380 1141 1479 est,
1182 1382 1248 1461 sed

174 1500 230 1555 vo
246 1490 361 1555 uotae.

277 1598 313 1673 7.
337 1578 409 1653 Sed
434 1576 533 1653 deest
558 1577 739 1655 interdurn
763 1576 797 1653 ἃ
819 1578 951 1672 aliquid
971 1580 1169 1658 voluntati:
1207 1582 1247 1655 dc

174 1676 370 1777 perfectam
388 1677 646 1755 beatitudinem
659 1678 773 1755 solum
793 1682 890 1753 velle
906 1700 984 1755 non
997 1680 1153 1775 obtinet,
1178 1682 1245 1761 nist

174 1780 408 1853 voluntatem
431 1776 598 1871 seqttatur
622 1781 801 1874 operatio.
867 1779 1038 1873 Sequitur
1063 1802 1240 1877 namquet

177 1880 230 1955 Et
256 1882 295 1949 in
318 1879 381 1975 lage
401 1881 467 1977 rjai
488 1881 694 1951 meditabitur
713 1878 929 1953 dicacitatis.
978 1880 1130 1957 Beatum
1145 1882 1246 1961 hunc

172 1978 1245 2077 virumcononsaleglsnediuno&indefeffaconsumnan

174 2080 247 2155 Sed
272 2076 372 2155 sorte
387 2080 426 2153 in
440 2080 602 2153 humanae
614 2076 828 2155 infirmitatis
844 2096 971 2155 natura
987 2100 1062 2155 non
1080 2085 1240 2179 patitur,

173 2196 242 2277 pet
261 2200 367 2275 quem
385 2176 657 2273 quiescendum,
691 2180 964 2274 dormiendum,
997 2181 1082 2255 cibo
1109 2203 1243 2258 vacan-

173 2280 261 2356 dum
282 2278 355 2369 esta
380 2282 432 2353 ob
449 2300 562 2373 quaa
578 2276 639 2375 spe
653 2276 913 2373 consequende
926 2281 1159 2357 beatitudinis
1177 2285 1245 2358 eti·

174 2378 448 2459 amneceffitate
463 2380 676 2457 naturalium
692 2380 919 2476 decidamus,
946 2400 1026 2457 cum
1048 2382 1242 2475 aliquando

174 2480 448 2557 meditatione
461 2482 588 2554 diurna
605 2492 714 2573 atque
728 2476 925 2573 notiurna,
950 2483 1088 2579 negotii
1105 2502 1241 2579 corpo·

87 2596 93 2603 ·
172 2576 821 2657 ralisinterceffionesrtdesrnendum.
873 2580 1243 2675 similequoquehnlc

173 2678 273 2760 dieto
291 2678 461 2775 Apostoli
478 2678 609 2756 dittutn
626 2679 694 2755 est:
721 2683 804 2754 Sine
818 2682 1071 2757 intermissione
1080 2700 1239 2761 orantes.

175 2778 287 2883 Quasi
304 2800 398 2855 vero
416 2798 493 2855 non
510 2780 723 2875 occupanda
739 2780 776 2853 in
788 2800 845 2854 res
863 2780 938 2855 suaa
957 2796 1092 2855 nature
1107 2782 1238 2855 nostre

172 2878 358 2959 necesitas
380 2880 486 2974 poffit
503 2877 575 2954 fine
594 2880 888 2973 interpellatione
911 2883 1084 2975 temporis
1102 2880 1240 2975 semper

174 3004 294 3061 orare.
346 2979 542 3057 Meditatio
558 2981 679 3072 itaque
690 2981 776 3076 legis
792 3001 868 3053 non
885 2982 996 3054 solum
1010 2985 1045 3054 in
1055 2982 1175 3055 verbis
1188 2983 1238 3057 le·

174 3084 300 3186 gendis
318 3079 387 3175 est,
414 3080 473 3153 sed
489 3081 571 3154 &in
589 3082 711 3174 operis
726 3082 915 3178 religione3
941 3101 1058 3174 neque
1073 3095 1114 3154 ut
1124 3083 1240 3157 libros

172 3181 363 3261 tanturn&
382 3179 582 3274 Scripturas
600 3179 869 3272 recenseamus,
896 3180 954 3255 sed
968 3196 1008 3254 ut
1023 3204 1087 3273 ea,
1111 3203 1189 3274 quae
1203 3187 1241 3260 in

174 3282 370 3377 scripturis
392 3302 434 3355 ac
453 3282 552 3355 libris
571 3283 827 3373 continentur,
855 3280 959 3376 gestis
976 3285 1156 3375 rebusque
1170 3305 1244 3358 rne-

174 3386 354 3474 ditemur,
381 3382 415 3456 u
436 3381 560 3453 diurna
574 3378 821 3470 nocturnaque
841 3400 954 3473 opera
972 3383 1086 3479 legem
1105 3383 1242 3475 seniper

171 3496 387 3561 exerceant:
413 3480 551 3553 utillud
572 3479 740 3571 Apostoli
757 3479 824 3553 est:
852 3535 878 3569 ,.
892 3481 1038 3574 Omnia,
1066 3504 1244 3575 quaecurn·

172 3638 203 3683 „
229 3605 299 3676 que
313 3580 451 3672 facitis,
477 3579 681 3675 ingloriam
704 3579 921 3671 Deliacite,
950 3582 1024 3654 slve
1042 3604 1120 3653 cnm
1145 3605 1243 3658 man·

171 3736 202 3777 „
228 3682 386 3773 ducatis,
411 3679 486 3753 slve
511 3698 592 3752 curn
611 3681 757 3773 bibitis,
784 3682 858 3754 slve
874 3702 954 3753 curn
973 3682 1067 3752 aliud
1086 3684 1200 3776 agitis.
1214 3686 1242 3727 ‘⁶

171 3784 242 3863 Per
258 3785 332 3859 hoc
347 3781 442 3856 enim
458 3776 629 3871 efficitur,
660 3794 702 3853 ut
715 3781 787 3853 fine
804 3778 1056 3855 intermiffione
1074 3802 1242 3860 oremus:

172 3907 256 3959 curn
275 3902 341 3979 per
364 3900 475 3977 opera
490 3878 573 3953 Deo
594 3881 745 3974 placita,
781 3880 865 3953 &in
886 3881 1035 3977 gloriam
1056 3882 1131 3971 eins
1154 3882 1241 3957 sem·

170 4004 238 4079 per
262 3982 440 4071 exercita,
474 3978 578 4053 sancii
601 3982 775 4072 cujusque
796 3984 865 4052 viri
888 3982 963 4053 vita
983 3983 1099 4054 omnis
1117 3986 1241 4056 orario

171 4082 233 4161 fit:
259 4076 1136 4177 acficsecundumtegennottudiequevivendo,
1166 4089 1244 4160 vita

168 4183 247 4280 ipsa
265 4176 441 4255 nocturna
458 4177 544 4271 legis
565 4178 679 4250 erit&
700 4181 823 4253 diurna
836 4181 1036 4256 meditatio.

272 4289 305 4363 8.
334 4276 403 4350 Sed
425 4274 668 4351 consummata
696 4281 762 4350 viri
787 4280 892 4373 hujus
908 4283 1150 4372 beatitudine,
1179 4284 1242 4374 qui

170 4381 363 4479 impiorum
384 4378 556 4464 consiliis,
590 4378 873 4474 &peccatorum
893 4382 986 4473 viis,
1022 4383 1054 4453 dt
1077 4381 1243 4473 pestilen-

170 4484 232 4556 tie
254 4478 422 4556 cathedra
446 4474 481 4549 se
509 4477 709 4567 abstinens,
746 4478 815 4552 Dei
841 4480 955 4577 legen.
982 4483 1110 4553 volens
1128 4482 1184 4553 die
1204 4483 1242 4557 dt

168 4583 279 4665 noste
296 4579 512 4665 meditetur,
538 4578 742 4654 docendum
766 4578 836 4672 est,
863 4600 1015 4672 quantus
1041 4582 1071 4651 ei
1104 4580 1241 4656 fruitus

157 4682 345 4772 acquisitae
365 4682 472 4776 hujus
492 4679 722 4754 beatitudinis
737 4681 777 4754 stt
800 4678 950 4754 foturus.
1012 4683 1120 4754 Velie
1144 4685 1243 4761 enim

142 4778 303 4859 beatum
319 4780 409 4881 esso,
437 4804 488 4859 ex
508 4783 749 4861 beatitudinis
761 4780 869 4880 'spino
884 4781 1245 4953 “fieemiffiim‘

1112 4903 1149 4953 cx
1162 4903 1212 4951 ct-
