2717 5709
237 1098 527 1207 Taaerarus
550 1124 603 1181 rar
626 1088 823 1180 XCVIII.
847 1100 1088 1181 Paetorum.
1139 1126 1212 1201 539

143 1290 212 1367 que
227 1270 410 1364 virtutes„
429 1265 564 1349 &fidei
580 1265 650 1342 suae
665 1266 791 1342 anime
808 1263 937 1342 subdat
955 1267 1133 1362 nequitias
1147 1265 1213 1361 spi·

143 1374 274 1448 ritaies.
323 1369 501 1446 Nondum
521 1369 631 1467 igitur
648 1368 847 1443 aie—nature
861 1364 929 1443 suae
941 1365 1111 1444 firmitate
1123 1388 1213 1443 con·

143 1470 242 1566 nuit,
267 1473 356 1546 licet
369 1472 443 1567 jam
459 1483 501 1544 ut
514 1485 599 1544 uter
616 1468 764 1566 frigeat:
788 1464 849 1543 sed
871 1484 912 1541 ut
927 1490 993 1563 per
1013 1466 1212 1544 misericor·

143 1574 236 1648 diem
263 1570 337 1646 Dei
352 1570 527 1664 judicium
548 1572 586 1645 in
598 1570 766 1645 inimicos
785 1567 867 1669 suos
886 1568 950 1663 iit,
985 1568 1213 1664 deprecatur.

143 1675 248 1749 Hauc
269 1670 487 1767 potestatem
503 1670 630 1765 iudicii
649 1670 832 1745 Dominus
856 1668 1043 1764 Apostolis
1066 1669 1134 1744 suis
1152 1670 1214 1745 de·

143 1774 215 1866 dit,
238 1772 389 1857 ¹dicens:
422 1768 522 1846 Ecce
540 1770 622 1848 dedi
642 1770 753 1845 vobis
769 1768 985 1865 potestatem
1001 1770 1142 1844 calcare
1160 1768 1214 1843 su·

142 1894 207 1967 per
218 1872 401 1969 serpentes
416 1870 690 1969 &scorpionem
716 1868 865 1966 &super
877 1890 1022 1945 omnem
1035 1871 1219 1945 virtutem·

143 1976 287 2050 inimici.
337 1975 484 2050 Vocem
498 1973 592 2048 hanc
606 1972 750 2066 quidem
763 1970 924 2047 nondum
936 1968 1120 2065 Propheta
1133 1969 1214 2043 Do·

143 2075 231 2150 otini
244 2075 282 2149 in
303 2093 464 2171 corpore
480 2071 657 2149 manentis
676 2070 834 2146 audivit:
859 2068 920 2145 sed
935 2071 1008 2146 dari
1024 2069 1086 2145 fibi
1096 2071 1133 2145 id
1145 2090 1214 2165 po·

143 2175 280 2253 testatis
303 2189 407 2269 orat,
443 2186 486 2247 ut
506 2170 746 2279 constituatur
764 2171 828 2247 srbi
849 2173 887 2246 in
903 2172 1158 2268 persequentes
1175 2168 1215 2245 se

143 2277 216 2350 tale
231 2275 415 2369 iudicium.
464 2272 647 2349 Tentatur
665 2273 763 2348 enim
779 2271 960 2366 undique,
993 2292 1075 2347 cum
1095 2273 1129 2347 ei
1147 2290 1215 2367 per

143 2390 307 2450 naturam
332 2374 498 2469 corporis
522 2375 698 2448 vitiorum
721 2371 812 2447 inest
840 2383 1001 2447 connata
1025 2373 1215 2459 materies:

144 2486 295 2569 eamque
321 2475 485 2551 diabolus
508 2489 663 2548 conatur
689 2472 821 2547 ardore
840 2475 989 2573 gemiuae
1005 2473 1215 2569 cupiditatis

143 2575 367 2668 accendere,
399 2574 616 2668 cumimpiis
639 2571 923 2670 irreligiosorum
946 2574 1105 2648 vocibus
1120 2570 1216 2648 laedi·

143 2687 224 2768 tur‚
250 2695 332 2749 cum
352 2674 521 2770 profanas
537 2675 698 2771 gentium
716 2686 848 2749 contra
866 2672 988 2749 Deum
1006 2672 1218 2770 disputatio·

143 2796 231 2869 nes,
257 2775 454 2867 &eloquia
470 2773 599 2848 vesana
617 2774 831 2867 perpetitur.

245 2878 280 2950 6.
306 2873 395 2950 Ideo
409 2877 447 2950 in
458 2874 694 2968 consequenti
709 2875 775 2947 ait:
801 2877 1217 2949 Narseusrunrmibiini-

143 2980 202 3073 qui
215 2980 473 3062 exercitationem
494 2976 548 3067 sed
563 2999 630 3047 non
646 2978 709 3062 r'ta,
736 2978 836 3049 silex
848 2992 917 3051 tua.
968 2977 1106 3076 Quanti
1119 2978 1217 3051 enim

143 3075 245 3158 sunt,
271 3077 330 3169 qui
346 3077 505 3168 quedam
518 3077 681 3150 humanae
698 3076 784 3151 vitae
800 3076 962 3151 instituta
972 3080 1108 3152 docere
1123 3076 1158 3150 se
1169 3075 1218 3150 es·

142 3172 274 3266 serant,
301 3177 440 3248 eumad
455 3177 611 3248 virtutes
629 3173 740 3247 seculi
756 3175 877 3250 studiis
893 3180 1044 3253 animam
1056 3176 1217 3253 nostram

143 3271 831 3348 Deoreitiusservientemaccendunt?
859 3275 1221 3374 Quantietiamsunt‚

143 3373 205 3463 qui
231 3373 479 3468 cognitionem
505 3370 541 3446 ie
567 3373 704 3447 habere
723 3373 926 3450 divinarum
948 3375 1218 3469 Scripturarurrt

145 3472 379 3565 mentientes,
405 3470 803 3566 hareticauperversa
816 3475 985 3572 dogmata
998 3475 1217 3569 praedicanti

144 3571 218 3646 Sed
234 3570 344 3645 sciens
360 3572 544 3669 Propheta
560 3572 755 3666 perfetiam
769 3575 932 3652 humanae
949 3574 1121 3650 doiirinae
1138 3597 1219 3652 eru·

144 3673 322 3749 ditionem
341 3672 379 3746 in
394 3670 465 3745 Dei
484 3673 565 3768 lege
582 3671 674 3767 esse,
703 3673 773 3757 ait:
799 3678 1039 3749 Mrrausrunr
1054 3678 1219 3749 mihiini.

145 3777 204 3871 qui
216 3777 483 3857 exercitationem
503 3773 560 3862 sed
573 3796 641 3845 nan
656 3777 722 3866 ita,
747 3790 787 3847 st
802 3776 854 3847 ue
868 3793 937 3852 tua.
988 3776 1107 3870 Iniqui
1121 3782 1218 3855 enim

146 3874 228 3948 sunt
245 3873 322 3947 haec
340 3872 587 3968 predicantes.
637 3869 688 3945 Et
701 3872 786 3948 ideo
805 3895 886 3948 vox
901 3874 973 3949 Dei
991 3879 1113 3952 vetuit
1132 3901 1219 3977 pec·

144 3987 309 4049 catorem
323 3975 469 4064 eloquia
486 3970 602 4046 saniia
616 3992 762 4048 narrare
777 3998 790 4064 ;
827 3976 909 4067 quia
926 3976 1116 4071 iniquitas,
1151 3980 1218 4054 do·

147 4070 868 4169 birinecoelestisnonrecipitveritatem.
919 4074 1111 4152 Peccatori
1121 4082 1218 4155 enim

144 4171 237 4248 dixit
251 4171 372 4247 Deust
405 4176 530 4274 Quare
547 4187 587 4247 tu
606 4192 750 4249 enarras
764 4172 914 4267 justitias
931 4196 1050 4271 meas,
1076 4177 1112 4251 ἀ
1130 4178 1218 4254 eiiu-

143 4274 211 4349 mis
233 4270 483 4350 testamentum
505 4296 625 4349 meum
642 4294 710 4369 per
731 4296 774 4349 os
797 4275 926 4351 tuum?
949 4274 1012 4350 Tu
1028 4290 1148 4354 autem
1162 4298 1218 4353 re·

143 4370 258 4469 jecisti
277 4371 459 4448 sermones
479 4396 583 4451 meos
603 4389 718 4451 retro.
769 4371 820 4449 Et
836 4377 899 4451 has
916 4378 1025 4474 igitur
1043 4381 1220 4452 exercita·

143 4476 267 4548 tiones
275 4472 466 4648 §repieta
478 4494 555 4550 nou
568 4473 653 4571 fert,
679 4474 793 4563 spiens
810 4476 900 4552 nihil
915 4477 1113 4552 narrationi
1127 4479 1220 4577 legis

146 4596 273 4669 aequan
299 4594 371 4649 um.
1153 4624 1156 4633 ·

248 4697 290 4769 7.
310 4672 479 4768 Denique
505 4675 653 4768 adiecit:
682 4678 801 4747 Omnia
822 4676 974 4754 manhu
990 4690 1051 4752 tua
1071 4682 1219 4752 veritas:

147 4776 517 4875 iniqsspersststisuui
530 4800 597 4876 ms,
620 4778 817 4876 adjuvante.
1042 4872 1205 4966 mm

1070 4894 1106 4944 u
