2717 5709
176 1133 256 1197 aab
416 1100 422 1115 ”
512 1105 549 1185 8.
599 1078 913 1187 Hrsanrl

174 1270 389 1371 pontuenda
407 1270 619 1346 verborum.
670 1266 844 1346 Distinxit
857 1272 952 1347 enirn
967 1270 1031 1369 ita,
1055 1272 1257 1355 habitatio}

175 1398 262 1455 nem
280 1376 317 1449 in
336 1372 594 1464 tabernaculo,
619 1371 781 1463 requiem
802 1372 837 1447 in
854 1385 1000 1449 monte:
1026 1376 1061 1449 dt
1082 1378 1185 1471 prior
1202 1376 1257 1454 est

107 1503 110 1513 ·
175 1476 353 1555 habitatio
369 1474 406 1546 in
423 1472 681 1564 tabernaculo,
709 1468 889 1565 posterior
907 1477 1047 1567 requies
1061 1477 1096 1549 in
1109 1495 1253 1557 monte.

175 1574 234 1651 Ut
251 1594 338 1671 ergo
356 1571 592 1647 habitationis
612 1572 801 1665 &requiei
821 1571 985 1648 distantia
1008 1578 1253 1676 intelligatur,

175 1674 313 1757 montis
333 1672 605 1747 &tabernaculi
625 1674 829 1767 proprietas
846 1675 1057 1767 explicanda
1074 1676 1136 1753 est

202 1846 206 1855 ,
281 1795 315 1869 3.
341 1770 391 1845 Et
404 1772 650 1865 tabernacula,
678 1794 756 1865 quae
770 1776 867 1866 prius
883 1772 984 1849 suilse
1001 1776 1167 1871 legimus,
1193 1776 1254 1853 su-

178 1891 288 1955 erunt
304 1875 421 1955 levia,
448 1874 597 1967 caduca,
624 1872 831 1964 arescentia,
859 1874 901 1946 ad
921 1888 1063 1973 tempus
1084 1898 1130 1949 ex
1150 1876 1254 1953 ston-

177 1977 282 2053 llibus
300 1974 413 2067 tesia,
447 1974 563 2066 qualia
583 1974 763 2048 interdum
780 1996 799 2047 a
814 1975 920 2048 nobis
945 1974 1036 2049 effici
1054 1974 1172 2050 solent
1196 1979 1253 2053 vi-

175 2076 278 2151 tandi
304 2071 405 2147 astus
425 2071 544 2161 cansa,
581 2087 623 2144 ut
645 2073 737 2148 infra
756 2075 918 2150 umbram
935 2094 1060 2150 eorum
1078 2076 1251 2155 ardorem

175 2173 645 2265 solisaestumquevitemus.
696 2173 1002 2250 Istiusmodienim
1015 2178 1252 2253 tabernacula

177 2280 321 2377 populo
340 2272 419 2349 sunt
435 2294 500 2368 per
515 2272 674 2366 Moysen
692 2273 864 2351 instituta.
915 2274 984 2348 Sed
1002 2276 1077 2348 haec
1096 2275 1253 2353 arefadla

178 2378 263 2455 sunt
284 2376 317 2449 dt
338 2373 514 2451 dilloluta.
565 2372 681 2449 Erant
697 2375 790 2449 enim
810 2376 1026 2472 imaginaria,
1053 2372 1189 2449 &fasir
1202 2376 1253 2450 ad

180 2480 396 2569 exemplum.
448 2474 512 2548 Ait
533 2477 627 2549 enim
646 2478 695 2547 ita
710 2475 812 2547 Deus
828 2475 967 2567 Moysi:
994 2476 1109 2568 Vide,
1133 2488 1176 2549 ut
1197 2474 1252 2549 ia·

180 2579 253 2653 cias
279 2577 400 2651 omnia
426 2572 619 2650 secundum
638 2573 812 2668 speciem,
847 2596 950 2667 quam
969 2572 1107 2649 ostendi
1127 2576 1194 2649 tibi
1212 2580 1253 2653 in

179 2689 320 2755 monte.
384 2672 505 2748 David
531 2696 676 2769 quoque
699 2675 872 2767 templum
899 2671 1074 2747 aedificare
1093 2690 1250 2771 optans,

182 2776 453 2851 tabernaculum
479 2776 777 2871 cognominavit,
809 2774 908 2847 sicuti
933 2776 1007 2849 aits
1036 2774 1128 2849 Non
1152 2776 1252 2851 dabo

181 2876 343 2954 somnum
358 2875 473 2947 oculis
489 2878 589 2967 meis,
615 2876 734 2947 donec
744 2876 924 2947 inveniam
936 2878 1057 2947 locum
1068 2874 1252 2968 Domino,

180 2978 451 3052 tabernaculum
475 2977 560 3048 Deo
587 2977 716 3071 Jacob.
785 2974 854 3046 Sed
876 2975 908 3046 dt
930 2975 1079 3068 Moyses
1099 2976 1130 3047 ἃ
1150 2977 1252 3048 Salo-

180 3100 269 3155 mon
280 3078 548 3149 tabernaculum
559 3076 743 3161 condidit3
770 3074 1163 3171 &deincepsApostoli
1172 3079 1253 3167 plu·

180 3182 269 3252 rima
280 3179 509 3249 tabernacula
523 3176 778 3269 condiderunt,
806 3176 839 3247 dr
854 3195 918 3267 per
935 3198 1060 3250 omnes
1070 3176 1165 3246 orbis
1176 3189 1250 3245 ter-

180 3300 299 3352 rarum
320 3294 462 3370 partes,
490 3297 721 3367 quacumque
741 3275 828 3348 adiri
848 3274 1013 3366 poliunt,
1041 3276 1124 3367 quin
1141 3277 1252 3349 etiam

180 3382 219 3452 in
242 3378 381 3450 Oceani
404 3373 522 3448 insulis
548 3378 790 3450 habitationes
810 3375 893 3447 Deo
913 3378 1080 3467 plurimas
1100 3398 1251 3468 parave-

181 3493 279 3552 runt.
337 3477 397 3548 De
426 3497 578 3567 quorum
603 3478 715 3570 gloria
744 3475 890 3547 testatur
915 3478 1066 3567 Spiritus
1095 3475 1248 3547 sanstus:

182 3580 303 3680 Quam
318 3576 479 3650 amabilia
496 3573 577 3648 sunt
592 3577 823 3648 tabernacula
838 3588 913 3668 tua,
939 3576 1040 3648 Deus
1059 3576 1247 3647 virtutuml

183 3676 408 3771 concupiscit
439 3677 473 3750 a
506 3673 631 3749 deficit
662 3677 777 3751 anima
805 3697 885 3749 mea
913 3677 949 3748 in
972 3676 1060 3748 atria
1087 3674 1249 3747 Domini.

180 3779 221 3853 N
224 3803 273 3853 on
288 3800 376 3876 ergo
390 3799 500 3852 unum
512 3778 797 3869 tabernaculum,
823 3778 885 3849 vel
899 3796 962 3869 per
974 3774 1132 3866 Moysen
1148 3775 1247 3846 iron-

181 3881 312 3971 deum,
344 3881 405 3951 vel
424 3900 488 3973 per
506 3877 630 3950 David
647 3892 886 3972 exoptatum,
922 3878 981 3948 vel
1000 3896 1065 3968 per
1087 3875 1248 3948 Salomo

180 4000 263 4057 nem
280 3981 446 4050 omnibus
459 3979 619 4050 humanis
634 3979 806 4067 operibus
822 3977 1039 4067 ordinatum,
1066 3974 1248 4067 Propheta

181 4078 374 4157 desiderat,
410 4076 468 4147 scd
489 4078 651 4148 multa&
671 4077 954 4150 innumerabilia:
990 4077 1090 4168 quia,
1128 4072 1192 4147 etsi
1213 4077 1248 4146 in
1279 4108 1283 4143 ι

182 4180 274 4252 orbe
291 4176 447 4247 Ecclesia
465 4197 535 4247 una
560 4174 622 4267 srt,
655 4191 775 4247 tamen
791 4199 1011 4268 unaquaque
1032 4178 1115 4248 urbs
1135 4176 1250 4247 eccle·

181 4279 263 4353 fiam
281 4273 375 4350 suam
396 4277 559 4362 obtinet3
587 4276 702 4348 &una
716 4280 749 4348 in
765 4281 931 4350 omnibus
945 4276 1008 4367 est,
1035 4289 1250 4348 cumtamen
1284 4296 1288 4319 ³

182 4383 303 4475 plures
318 4378 404 4467 sint,
432 4375 513 4466 quia
528 4396 599 4446 una
612 4376 764 4447 habetur
782 4379 818 4448 in
835 4380 1004 4468 pluribus.

282 4503 315 4567 4.
344 4476 479 4548 Primus
499 4478 620 4565 itaque
638 4475 670 4546 aa
687 4478 859 4549 maximus
876 4479 1003 4574 gradus
1020 4475 1127 4550 estad
1144 4478 1250 4551 coele·

180 4578 243 4653 stin
267 4578 560 4664 ascendentibus,
592 4576 754 4662 habitare
771 4577 807 4648 in
828 4579 899 4651 lroc
919 4580 1176 4669 tabernarum,
1214 4578 1248 4651 dt

166 4678 429 4753 illicnoclrbus
443 4677 641 4767 diebusque
659 4679 770 4749 vitam
788 4677 856 4750 aevi
871 4681 985 4752 totius
1003 4701 1121 4777 agere,
1150 4699 1250 4754 amo·

154 4790 239 4858 tum
255 4804 276 4859 a
294 4782 413 4861 seculi
435 4782 556 4881 curis,
583 4778 787 4880 &negotia
800 4780 1250 4947 mundibuiusrelipqucn·

1133 4896 1223 4967 em,

388 5076 450 5098 ¹⁸⁵⁵
