2717 5709
1178 830 1182 841 .
1295 732 1302 841 i

195 927 243 1009 m
418 936 421 943 ¹
529 904 568 985 d
618 904 924 983 Httaurr

153 1164 155 1167 ,
193 1079 333 1173 housia
351 1090 533 1169 corpora,
558 1064 777 1163 &suspensis
791 1066 886 1163 pede
898 1059 1040 1143 feminis
1056 1067 1256 1151 vestesnon

196 1176 358 1259 defluere
375 1172 577 1263 infaciem,
602 1172 657 1245 uri
669 1168 744 1245 iine
754 1170 896 1267 ignibus
911 1164 1069 1263 spiritus,
1096 1169 1258 1258 confiteri

195 1284 270 1361 stne
285 1273 576 1371 interrogatione
593 1284 772 1363 vexatos,
798 1288 907 1365 agere
925 1268 1137 1343 omnianon
1148 1274 1258 1349 minus

194 1402 280 1459 mm
305 1372 474 1475 proiediu
501 1370 759 1462 examinantis,
796 1389 901 1460 quam
921 1368 1149 1471 incremento
1166 1367 1258 1461 fidei,

196 1476 482 1560 trinomium
496 1470 693 1545 crudelium
708 1466 954 1560 crudeiiiiime,
982 1469 1116 1545 damno
1127 1471 1260 1563 majore

195 1583 237 1659 in
250 1600 334 1661 nos,
359 1576 396 1651 dt
414 1573 524 1649 venia
540 1571 683 1647 minore
700 1565 859 1643 desaevis.
909 1566 1079 1662 Subrepis
1100 1571 1260 1671 nomine,

196 1670 607 1771 irimdimentoopcidis,
633 1666 752 1762 specie
760 1668 944 1765 religionis
954 1670 1174 1761 impietatem
1186 1689 1262 1763 per·

196 1783 295 1882 agis,
322 1773 452 1855 Christi
466 1769 575 1847 fidem
595 1766 725 1844 Christi
740 1768 895 1843 mendax
909 1768 1124 1862 predicator
1138 1768 1264 1847 exstin-

196 1885 290 1985 guis.
342 1876 433 1953 Non
450 1870 621 1964 relinquis
640 1866 763 1943 saltem
776 1866 909 1945 miseris
925 1864 1196 1962 excusationes,
1219 1882 1264 1953 ut
1299 1911 1302 1928 κ

198 1998 338 2059 aterno
353 1974 471 2074 Judici
487 1970 551 2047 suo
570 1988 692 2063 poenas
705 1966 741 2042 dr
753 1969 887 2061 aliquas
904 1969 1120 2043 laniatorum
1133 1988 1265 2066 corpo·

198 2101 282 2161 raam
301 2076 487 2175 perierant
511 2070 721 2151 cicatrices,
753 2079 797 2141 ut
812 2062 999 2143 infirmitas
1017 2065 1189 2143 defendat
1203 2090 1267 2145 oe·

200 2181 414 2269 ereditatem..
456 2168 698 2247 Scelestiiime
713 2167 943 2261 mortalium,
969 2168 1090 2243 omnia
1104 2165 1268 2263 persecu·

199 2281 315 2361 donis
339 2276 433 2353 mala
451 2273 502 2347 ita
522 2280 723 2363 temperas,
748 2282 790 2342 ut
808 2268 977 2359 excludas
997 2266 1034 2343 dt
1055 2269 1093 2342 in
1112 2284 1268 2363 peceato

200 2381 369 2472 veniam,
400 2374 435 2451 dt
457 2373 496 2447 in
516 2368 738 2447 conieiiione
753 2370 975 2470 martyrium.
1025 2366 1096 2442 Sed
1115 2370 1191 2443 hoc
1206 2370 1272 2447 ille

197 2496 306 2583 pater
326 2492 410 2563 tuus
436 2472 567 2547 artifex
582 2472 816 2545 humanarum
829 2469 1002 2543 mortium
1014 2466 1163 2561 docuit,
1189 2470 1274 2545 vin·

125 2634 131 2645 a
202 2602 288 2659 oete
301 2578 374 2655 iine
391 2570 642 2661 contumacia,
665 2568 831 2665 iugulate
847 2567 922 2643 tine
938 2567 1079 2665 gladio,
1104 2568 1273 2664 persequi

200 2674 449 2771 diminitum,
476 2672 579 2748 odire
597 2668 671 2745 stne
685 2664 899 2763 suspicione,
924 2669 1067 2743 mentiri
1079 2666 1152 2741 stne
1163 2668 1276 2743 intel·
1299 2651 1302 2694 ¹

200 2781 373 2882 ligentia,
402 2768 569 2872 profiteri
593 2769 666 2845 iine
684 2762 778 2861 fide,
812 2765 964 2841 blandiri
986 2764 1060 2841 iine
1079 2766 1275 2865 bonitate,
1300 2773 1302 2798 '

201 2887 328 2983 agere,
356 2874 455 2975 quod
470 2873 588 2965 velis,
614 2865 944 2958 neemanitestare,
972 2885 1050 2960 que
1067 2866 1173 2941 veiis.
1299 2846 1302 2902 ¹

302 3002 338 3078 9.
361 2977 434 3057 Sed
456 2988 522 3051 me‘
538 2971 611 3069 ipio
637 2968 855 3065 Unigenitus
877 2965 1003 3059 Deus,
1029 2985 1135 3058 quem
1153 2967 1191 3041 in
1214 2987 1302 3043 me·

96 3146 108 3157 .
201 3076 447 3181 persequeris,
476 3069 683 3149 admonuit,
707 3089 755 3143 oe
775 3067 841 3139 tibi
855 3066 1055 3158 crederem,
1080 3086 1200 3160 neque
1211 3051 1302 3143 me'

202 3184 280 3259 hoe
297 3178 405 3256 fallax
428 3179 467 3251 in
487 3187 525 3249 te
540 3169 827 3261 ementitumque
840 3185 977 3243 nomen
993 3165 1183 3259 illuderet,
1221 3168 1301 3266 di„

206 3302 314 3364 cent:
349 3278 573 3367 Maronis,
606 3275 663 3369 qui
678 3274 757 3341 dicit
778 3268 878 3352 mihi,
912 3270 1070 3353 Domine,
1106 3270 1288 3366 Domine,

78 3418 85 3429 ·
205 3382 346 3459 introiit
364 3387 404 3453 in
421 3398 548 3473 regnum
566 3372 727 3445 colmam
752 3368 802 3459 [ed
817 3373 876 3466 qui
885 3365 975 3459 facit
990 3367 1193 3441 animarem
1209 3370 1289 3441 Pa-

204 3487 270 3560 tris
289 3484 359 3569 mai,
384 3486 443 3581 qui
460 3482 498 3548 in
513 3473 595 3545 coeiis
613 3472 665 3569 ‘fl’
690 3472 743 3542 iric
762 3470 906 3541 introbit
921 3475 961 3541 in
972 3492 1101 3563 regirare
1115 3463 1302 3548 calorum?

77 3596 81 3607 “
203 3580 432 3683 Agnoscisne
454 3596 551 3653 nunc
571 3572 705 3647 divine
731 3572 768 3645 in
791 3583 830 3645 te
844 3569 1045 3664 prophetie
1060 3561 1302 3661 veritatem,¹

205 3683 241 3759 ᾱ
269 3681 461 3759 dominico
484 3675 669 3753 sententie
686 3666 815 3751 iidem,
841 3684 999 3759 quanon
1014 3660 1186 3755 profeffio
1206 3660 1302 3739 no.i

204 3783 309 3878 ruinis
326 3783 363 3857 in
385 3776 531 3855 coeiesto
545 3792 710 3869 regnum,
737 3767 795 3843 sed
814 3761 1191 3852 obedientiapateroae
1205 3763 1302 3852 vo.!

204 3878 354 3957 luntatis
370 3872 596 3955 admittitur?
621 3868 674 3941 At
691 3864 777 3939 vide
794 3878 854 3956 tu,
881 3858 1115 3954 npraeferens
1132 3863 1302 3947 nomen¹

205 3978 357 4057 Domini
377 3980 415 4053 in
438 3973 581 4065 verbis,
608 3967 838 4041 voluntatem
857 3956 988 4036 efficias
1007 3960 1080 4033 Dei
1101 3961 1217 4056 patris
1240 3959 1302 4045 in?

192 4082 327 4157 rebus.
378 4074 519 4152 Clamat
531 4072 614 4145 ille:
640 4068 706 4139 Hic
721 4064 763 4162 ιβ
774 4062 872 4153 fliius
887 4086 973 4133 mr
989 4058 1144 4151 diatim,
1161 4066 1203 4133 in
1215 4088 1301 4161 quo

146 4212 157 4225 ·
206 4182 292 4256 milri
308 4181 382 4252 iou
395 4176 577 4272 comptum:
603 4166 696 4241 &tu
712 4156 1185 4251 decernisnoneii'efiiium,
1212 4180 1301 4238 ne.

144 4272 153 4283 ’
207 4278 369 4377 querire
389 4288 546 4374 patrem3
582 4266 643 4343 sed
663 4265 871 4358 adoptionis
893 4262 1068 4355 nomina,
1101 4253 1302 4340 externas

205 4378 512 4476 nuncupationes,
536 4366 809 4466 &simulantem
824 4362 870 4438 da
882 4361 1053 4437 seomnia
1071 4358 1194 4435 Deum
1208 4380 1302 4437 no.

105 4492 110 4500 ‘
205 4502 278 4557 vua
298 4478 410 4557 hodie
424 4470 609 4571 religionis
624 4468 755 4543 divinae
767 4460 978 4558 persecutor
996 4459 1147 4535 inducit.
1198 4456 1302 4541 An.

95 4624 102 4639 ·
206 4581 450 4699 tehacpttrea
467 4559 889 4660 tumtotuuctutum
903 4558 1028 4647 hoster
1039 4556 1302 4743 suffitu
