<?xml version="1.0" encoding="UTF-8"?>
<!DOCTYPE html PUBLIC "-//W3C//DTD XHTML 1.0 Transitional//EN"
    "http://www.w3.org/TR/xhtml1/DTD/xhtml1-transitional.dtd">
<html xmlns="http://www.w3.org/1999/xhtml" xml:lang="en" lang="en">
 <head>
  <title>
</title>
<meta http-equiv="Content-Type" content="text/html;charset=utf-8" />
  <meta name='ocr-system' content='tesseract 3.04.00' />
  <meta name='ocr-capabilities' content='ocr_page ocr_carea ocr_par ocr_line ocrx_word'/>
</head>
<body>
  <div class='ocr_page' id='page_1' title='image "./operaomniasanct02librgoog_0268.png"; bbox 0 0 2717 5709; ppageno 0'>
   <div class='ocr_carea' id='block_1_1' title="bbox 138 581 1287 895">
    <p class='ocr_par' dir='ltr' id='par_1_1' title="bbox 138 581 1287 895">
     <span class='ocr_line' id='line_1_1' title="bbox 138 581 1287 869; baseline -0.002 -2"><span class='ocrx_word' id='word_1_1' title='bbox 138 581 1287 869; x_wconf 56' lang='grc' dir='ltr'>Π</span> 
     </span>
     <span class='ocr_line' id='line_1_2' title="bbox 577 875 584 895; baseline 0 0"><span class='ocrx_word' id='word_1_2' title='bbox 577 875 584 895; x_wconf 83' lang='grc' dir='ltr'><strong><em>Ι</em></strong></span> 
     </span>
    </p>
   </div>
   <div class='ocr_carea' id='block_1_2' title="bbox 193 1034 1065 1131">
    <p class='ocr_par' dir='ltr' id='par_1_2' title="bbox 193 1034 1065 1131">
     <span class='ocr_line' id='line_1_3' title="bbox 193 1034 1065 1131; baseline 0.008 -18"><span class='ocrx_word' id='word_1_3' title='bbox 193 1052 268 1131; x_wconf 74' lang='lat'>²54</span> <span class='ocrx_word' id='word_1_4' title='bbox 524 1034 563 1119; x_wconf 77' lang='lat'>8.</span> <span class='ocrx_word' id='word_1_5' title='bbox 610 1036 919 1121; x_wconf 72' lang='lat' dir='ltr'>lirim:</span> <span class='ocrx_word' id='word_1_6' title='bbox 1061 1078 1065 1087; x_wconf 91' lang='lat'><em>·</em></span> 
     </span>
    </p>
   </div>
   <div class='ocr_carea' id='block_1_3' title="bbox 86 1196 1260 2500">
    <p class='ocr_par' dir='ltr' id='par_1_3' title="bbox 182 1196 1260 1901">
     <span class='ocr_line' id='line_1_4' title="bbox 182 1196 1260 1317; baseline 0.005 -35"><span class='ocrx_word' id='word_1_7' title='bbox 182 1210 416 1281; x_wconf 58' lang='lat' dir='ltr'>:mamertum</span> <span class='ocrx_word' id='word_1_8' title='bbox 430 1196 504 1275; x_wconf 85' lang='lat' dir='ltr'>Dei</span> <span class='ocrx_word' id='word_1_9' title='bbox 520 1203 708 1297; x_wconf 62' lang='lat' dir='ltr'>corporati</span> <span class='ocrx_word' id='word_1_10' title='bbox 721 1202 888 1299; x_wconf 67' lang='lat' dir='ltr'>docuet,</span> <span class='ocrx_word' id='word_1_11' title='bbox 914 1209 1260 1317; x_wconf 74' lang='lat' dir='ltr'>oteommunionam</span> 
     </span>
     <span class='ocr_line' id='line_1_5' title="bbox 191 1299 1260 1404; baseline 0.007 -25"><span class='ocrx_word' id='word_1_12' title='bbox 191 1304 317 1404; x_wconf 75' lang='lat' dir='ltr'>glorie</span> <span class='ocrx_word' id='word_1_13' title='bbox 332 1299 484 1377; x_wconf 78' lang='lat' dir='ltr'>celestia</span> <span class='ocrx_word' id='word_1_14' title='bbox 497 1304 750 1397; x_wconf 79' lang='lat' dir='ltr'>polliceretur,</span> <span class='ocrx_word' id='word_1_15' title='bbox 775 1318 818 1379; x_wconf 91' lang='lat' dir='ltr'>ut</span> <span class='ocrx_word' id='word_1_16' title='bbox 829 1326 966 1399; x_wconf 86' lang='lat' dir='ltr'>poenam</span> <span class='ocrx_word' id='word_1_17' title='bbox 979 1306 1103 1399; x_wconf 80' lang='lat' dir='ltr'>iudicii</span> <span class='ocrx_word' id='word_1_18' title='bbox 1121 1310 1260 1387; x_wconf 89' lang='lat' dir='ltr'>denun-</span> 
     </span>
     <span class='ocr_line' id='line_1_6' title="bbox 190 1396 1260 1503; baseline 0.003 -22"><span class='ocrx_word' id='word_1_19' title='bbox 190 1407 319 1495; x_wconf 86' lang='lat' dir='ltr'>tiaret,</span> <span class='ocrx_word' id='word_1_20' title='bbox 350 1416 393 1475; x_wconf 86' lang='lat' dir='ltr'>ut</span> <span class='ocrx_word' id='word_1_21' title='bbox 407 1396 645 1477; x_wconf 78' lang='lat' dir='ltr'>differentiam</span> <span class='ocrx_word' id='word_1_22' title='bbox 665 1402 933 1481; x_wconf 70' lang='lat' dir='ltr'>resurrestionir</span> <span class='ocrx_word' id='word_1_23' title='bbox 951 1404 1180 1503; x_wconf 84' lang='lat' dir='ltr'>ostenderet,</span> <span class='ocrx_word' id='word_1_24' title='bbox 1216 1424 1260 1485; x_wconf 90' lang='lat' dir='ltr'>ut</span> 
     </span>
     <span class='ocr_line' id='line_1_7' title="bbox 183 1498 1258 1601; baseline 0.004 -22"><span class='ocrx_word' id='word_1_25' title='bbox 183 1502 459 1601; x_wconf 78' lang='lat' dir='ltr'>,providentirm</span> <span class='ocrx_word' id='word_1_26' title='bbox 484 1498 557 1577; x_wconf 86' lang='lat' dir='ltr'>Dei</span> <span class='ocrx_word' id='word_1_27' title='bbox 580 1501 618 1578; x_wconf 90' lang='lat' dir='ltr'>in</span> <span class='ocrx_word' id='word_1_28' title='bbox 635 1505 879 1580; x_wconf 79' lang='lat' dir='ltr'>retributione</span> <span class='ocrx_word' id='word_1_29' title='bbox 896 1504 1119 1585; x_wconf 83' lang='lat' dir='ltr'>moniirrret.</span> <span class='ocrx_word' id='word_1_30' title='bbox 1172 1506 1258 1584; x_wconf 90' lang='lat' dir='ltr'>Per·</span> 
     </span>
     <span class='ocr_line' id='line_1_8' title="bbox 188 1602 1256 1702; baseline 0.004 -23"><span class='ocrx_word' id='word_1_31' title='bbox 188 1604 282 1681; x_wconf 80' lang='lat' dir='ltr'>fecie</span> <span class='ocrx_word' id='word_1_32' title='bbox 296 1604 433 1679; x_wconf 81' lang='lat' dir='ltr'>seilicet</span> <span class='ocrx_word' id='word_1_33' title='bbox 445 1602 761 1697; x_wconf 81' lang='lat' dir='ltr'>consummataque</span> <span class='ocrx_word' id='word_1_34' title='bbox 776 1606 919 1681; x_wconf 75' lang='lat' dir='ltr'>ratione</span> <span class='ocrx_word' id='word_1_35' title='bbox 932 1620 1040 1680; x_wconf 75' lang='lat' dir='ltr'>tante</span> <span class='ocrx_word' id='word_1_36' title='bbox 1054 1608 1256 1702; x_wconf 71' lang='lat' dir='ltr'>prophetia</span> 
     </span>
     <span class='ocr_line' id='line_1_9' title="bbox 188 1702 1257 1785; baseline 0.002 -4"><span class='ocrx_word' id='word_1_37' title='bbox 188 1707 354 1781; x_wconf 84' lang='lat' dir='ltr'>ordinem</span> <span class='ocrx_word' id='word_1_38' title='bbox 380 1702 591 1777; x_wconf 77' lang='lat' dir='ltr'>inohoavitr</span> <span class='ocrx_word' id='word_1_39' title='bbox 625 1717 668 1777; x_wconf 88' lang='lat' dir='ltr'>ut</span> <span class='ocrx_word' id='word_1_40' title='bbox 694 1704 880 1779; x_wconf 89' lang='lat' dir='ltr'>hominum</span> <span class='ocrx_word' id='word_1_41' title='bbox 904 1706 1184 1785; x_wconf 76' lang='lat' dir='ltr'>imbecillitatem</span> <span class='ocrx_word' id='word_1_42' title='bbox 1211 1708 1257 1784; x_wconf 86' lang='lat' dir='ltr'>ad</span> 
     </span>
     <span class='ocr_line' id='line_1_10' title="bbox 185 1800 1259 1901; baseline 0 -20"><span class='ocrx_word' id='word_1_43' title='bbox 185 1802 270 1881; x_wconf 84' lang='lat' dir='ltr'>fidei</span> <span class='ocrx_word' id='word_1_44' title='bbox 289 1804 441 1880; x_wconf 78' lang='lat' dir='ltr'>stolium</span> <span class='ocrx_word' id='word_1_45' title='bbox 460 1802 556 1877; x_wconf 86' lang='lat' dir='ltr'>beati</span> <span class='ocrx_word' id='word_1_46' title='bbox 575 1803 646 1876; x_wconf 87' lang='lat' dir='ltr'>viri</span> <span class='ocrx_word' id='word_1_47' title='bbox 665 1800 742 1896; x_wconf 81' lang='lat' dir='ltr'>spes</span> <span class='ocrx_word' id='word_1_48' title='bbox 763 1805 936 1889; x_wconf 86' lang='lat' dir='ltr'>illiceret,</span> <span class='ocrx_word' id='word_1_49' title='bbox 976 1804 1048 1901; x_wconf 88' lang='lat' dir='ltr'>spei</span> <span class='ocrx_word' id='word_1_50' title='bbox 1064 1809 1259 1883; x_wconf 87' lang='lat' dir='ltr'>beatitudi-</span> 
     </span>
    </p>

    <p class='ocr_par' dir='ltr' id='par_1_4' title="bbox 136 1903 1254 2101">
     <span class='ocr_line' id='line_1_11' title="bbox 136 1903 1254 2001; baseline 0.005 -20"><span class='ocrx_word' id='word_1_51' title='bbox 136 1956 140 1965; x_wconf 86' lang='lat'>·</span> <span class='ocrx_word' id='word_1_52' title='bbox 185 1926 270 1981; x_wconf 89' lang='lat' dir='ltr'>nem</span> <span class='ocrx_word' id='word_1_53' title='bbox 285 1915 492 2000; x_wconf 83' lang='lat' dir='ltr'>comparata</span> <span class='ocrx_word' id='word_1_54' title='bbox 508 1904 593 2001; x_wconf 86' lang='lat' dir='ltr'>ligni</span> <span class='ocrx_word' id='word_1_55' title='bbox 607 1903 796 1979; x_wconf 86' lang='lat' dir='ltr'>beatitudo</span> <span class='ocrx_word' id='word_1_56' title='bbox 806 1903 1015 1999; x_wconf 85' lang='lat' dir='ltr'>sponderet,</span> <span class='ocrx_word' id='word_1_57' title='bbox 1041 1906 1254 1987; x_wconf 88' lang='lat' dir='ltr'>insolentem</span> 
     </span>
     <span class='ocr_line' id='line_1_12' title="bbox 183 2003 1253 2101; baseline -0.001 -18"><span class='ocrx_word' id='word_1_58' title='bbox 183 2006 407 2101; x_wconf 80' lang='lat' dir='ltr'>impietatem</span> <span class='ocrx_word' id='word_1_59' title='bbox 431 2005 526 2079; x_wconf 78' lang='lat' dir='ltr'>intre</span> <span class='ocrx_word' id='word_1_60' title='bbox 551 2018 686 2077; x_wconf 89' lang='lat' dir='ltr'>metum</span> <span class='ocrx_word' id='word_1_61' title='bbox 713 2003 923 2080; x_wconf 88' lang='lat' dir='ltr'>denuntiata</span> <span class='ocrx_word' id='word_1_62' title='bbox 949 2007 1064 2101; x_wconf 77' lang='lat' dir='ltr'>impiis</span> <span class='ocrx_word' id='word_1_63' title='bbox 1081 2007 1253 2082; x_wconf 83' lang='lat' dir='ltr'>severiter</span> 
     </span>
    </p>

    <p class='ocr_par' dir='ltr' id='par_1_5' title="bbox 86 2102 1254 2500">
     <span class='ocr_line' id='line_1_13' title="bbox 86 2102 1254 2197; baseline 0.002 -16"><span class='ocrx_word' id='word_1_64' title='bbox 86 2104 103 2119; x_wconf 83' lang='lat'><strong><em>‘</em></strong></span> <span class='ocrx_word' id='word_1_65' title='bbox 183 2120 396 2197; x_wconf 82' lang='lat' dir='ltr'>coerceret,</span> <span class='ocrx_word' id='word_1_66' title='bbox 428 2107 547 2181; x_wconf 90' lang='lat' dir='ltr'>meriti</span> <span class='ocrx_word' id='word_1_67' title='bbox 565 2102 804 2179; x_wconf 81' lang='lat' dir='ltr'>differentiam</span> <span class='ocrx_word' id='word_1_68' title='bbox 820 2109 856 2179; x_wconf 95' lang='lat' dir='ltr'>in</span> <span class='ocrx_word' id='word_1_69' title='bbox 881 2110 1035 2182; x_wconf 85' lang='lat' dir='ltr'>consiliis</span> <span class='ocrx_word' id='word_1_70' title='bbox 1053 2106 1254 2183; x_wconf 75' lang='lat' dir='ltr'>saniiorum</span> 
     </span>
     <span class='ocr_line' id='line_1_14' title="bbox 90 2202 1252 2305; baseline 0.003 -25"><span class='ocrx_word' id='word_1_71' title='bbox 90 2238 94 2245; x_wconf 94' lang='lat'>·</span> <span class='ocrx_word' id='word_1_72' title='bbox 184 2208 407 2283; x_wconf 77' lang='lat' dir='ltr'>conditionis</span> <span class='ocrx_word' id='word_1_73' title='bbox 424 2204 520 2278; x_wconf 92' lang='lat' dir='ltr'>ordo</span> <span class='ocrx_word' id='word_1_74' title='bbox 537 2202 788 2301; x_wconf 84' lang='lat' dir='ltr'>distingueret,</span> <span class='ocrx_word' id='word_1_75' title='bbox 816 2204 885 2279; x_wconf 90' lang='lat' dir='ltr'>Dei</span> <span class='ocrx_word' id='word_1_76' title='bbox 902 2202 1201 2305; x_wconf 82' lang='lat' dir='ltr'>magnificentiam</span> <span class='ocrx_word' id='word_1_77' title='bbox 1213 2209 1252 2283; x_wconf 88' lang='lat' dir='ltr'>in</span> 
     </span>
     <span class='ocr_line' id='line_1_15' title="bbox 183 2303 1254 2405; baseline 0.003 -24"><span class='ocrx_word' id='word_1_78' title='bbox 183 2305 447 2405; x_wconf 80' lang='lat' dir='ltr'>cognoscendia</span> <span class='ocrx_word' id='word_1_79' title='bbox 469 2303 645 2397; x_wconf 83' lang='lat' dir='ltr'>justornm</span> <span class='ocrx_word' id='word_1_80' title='bbox 668 2303 739 2379; x_wconf 81' lang='lat' dir='ltr'>viis</span> <span class='ocrx_word' id='word_1_81' title='bbox 762 2309 908 2398; x_wconf 79' lang='lat' dir='ltr'>equitas</span> <span class='ocrx_word' id='word_1_82' title='bbox 932 2306 1128 2385; x_wconf 82' lang='lat' dir='ltr'>constituta</span> <span class='ocrx_word' id='word_1_83' title='bbox 1148 2330 1254 2383; x_wconf 89' lang='lat' dir='ltr'>mon·</span> 
     </span>
     <span class='ocr_line' id='line_1_16' title="bbox 181 2401 1248 2500; baseline -0.002 -15"><span class='ocrx_word' id='word_1_84' title='bbox 181 2408 320 2485; x_wconf 82' lang='lat' dir='ltr'>litaret.</span> <span class='ocrx_word' id='word_1_85' title='bbox 371 2404 484 2481; x_wconf 88' lang='lat' dir='ltr'>Nunc</span> <span class='ocrx_word' id='word_1_86' title='bbox 502 2404 536 2481; x_wconf 77' lang='lat' dir='ltr'>or</span> <span class='ocrx_word' id='word_1_87' title='bbox 551 2401 711 2500; x_wconf 79' lang='lat' dir='ltr'>recipiet</span> <span class='ocrx_word' id='word_1_88' title='bbox 728 2402 901 2482; x_wconf 88' lang='lat' dir='ltr'>&amp;corum</span> <span class='ocrx_word' id='word_1_89' title='bbox 918 2408 1032 2483; x_wconf 80' lang='lat' dir='ltr'>verbe</span> <span class='ocrx_word' id='word_1_90' title='bbox 1045 2406 1248 2485; x_wconf 72' lang='lat' dir='ltr'>metimur.</span> 
     </span>
    </p>
   </div>
   <div class='ocr_carea' id='block_1_4' title="bbox 186 2578 1254 2647">
    <p class='ocr_par' dir='ltr' id='par_1_6' title="bbox 186 2578 1254 2647">
     <span class='ocr_line' id='line_1_17' title="bbox 186 2578 1254 2647; baseline 0 -10"><span class='ocrx_word' id='word_1_91' title='bbox 186 2578 1254 2647; x_wconf 35' lang='lat' dir='ltr'>m—ssss·</span> 
     </span>
    </p>
   </div>
   <div class='ocr_carea' id='block_1_5' title="bbox 373 2742 1039 2825">
    <p class='ocr_par' dir='ltr' id='par_1_7' title="bbox 373 2742 1039 2825">
     <span class='ocr_line' id='line_1_18' title="bbox 373 2742 1039 2825; baseline 0 0"><span class='ocrx_word' id='word_1_92' title='bbox 373 2742 735 2825; x_wconf 63' lang='lat' dir='ltr'>Tenemus</span> <span class='ocrx_word' id='word_1_93' title='bbox 765 2742 979 2825; x_wconf 83' lang='lat' dir='ltr'>PSALMI</span> <span class='ocrx_word' id='word_1_94' title='bbox 1010 2748 1039 2825; x_wconf 92' lang='lat'>1.</span> 
     </span>
    </p>
   </div>
   <div class='ocr_carea' id='block_1_6' title="bbox 180 2898 1246 3099">
    <p class='ocr_par' dir='ltr' id='par_1_8' title="bbox 180 2898 1246 3099">
     <span class='ocr_line' id='line_1_19' title="bbox 180 2898 1245 3077; baseline -0.019 -97"><span class='ocrx_word' id='word_1_95' title='bbox 180 2918 214 2977; x_wconf 87' lang='lat'>1.</span> <span class='ocrx_word' id='word_1_96' title='bbox 227 2904 379 3077; x_wconf 63' lang='lat' dir='ltr'>Bm&#39;.“</span> <span class='ocrx_word' id='word_1_97' title='bbox 397 2922 473 2974; x_wconf 82' lang='lat' dir='ltr'>vir,</span> <span class='ocrx_word' id='word_1_98' title='bbox 499 2902 555 2999; x_wconf 81' lang='lat' dir='ltr'>qui</span> <span class='ocrx_word' id='word_1_99' title='bbox 567 2923 636 2969; x_wconf 84' lang='lat' dir='ltr'>non</span> <span class='ocrx_word' id='word_1_100' title='bbox 649 2898 736 3016; x_wconf 35' lang='lat' dir='ltr'>aliie·</span> <span class='ocrx_word' id='word_1_101' title='bbox 750 2898 788 3007; x_wconf 78' lang='lat' dir='ltr'>in</span> <span class='ocrx_word' id='word_1_102' title='bbox 800 2898 922 3016; x_wconf 78' lang='lat' dir='ltr'>ronfiiir</span> <span class='ocrx_word' id='word_1_103' title='bbox 937 2902 1119 2997; x_wconf 77' lang='lat' dir='ltr'>impiorum,</span> <span class='ocrx_word' id='word_1_104' title='bbox 1130 2898 1182 3018; x_wconf 22' lang='lat' dir='ltr'>n&amp;</span> <span class='ocrx_word' id='word_1_105' title='bbox 1205 2903 1245 3019; x_wconf 62' lang='lat' dir='ltr'>i„</span> 
     </span>
     <span class='ocr_line' id='line_1_20' title="bbox 315 2998 1246 3099; baseline -0.017 -21"><span class='ocrx_word' id='word_1_106' title='bbox 315 3026 375 3072; x_wconf 80' lang='lat' dir='ltr'>vra</span> <span class='ocrx_word' id='word_1_107' title='bbox 383 3015 574 3099; x_wconf 69' lang='lat' dir='ltr'>pecatorum</span> <span class='ocrx_word' id='word_1_108' title='bbox 589 2998 764 3095; x_wconf 74' lang='lat' dir='ltr'>ncnflerri,</span> <span class='ocrx_word' id='word_1_109' title='bbox 789 2998 827 3076; x_wconf 74' lang='grc' dir='ltr'>θ</span> <span class='ocrx_word' id='word_1_110' title='bbox 842 3023 881 3069; x_wconf 85' lang='lat' dir='ltr'>tn</span> <span class='ocrx_word' id='word_1_111' title='bbox 900 3002 1049 3071; x_wconf 80' lang='lat' dir='ltr'>cathedra</span> <span class='ocrx_word' id='word_1_112' title='bbox 1062 3000 1246 3097; x_wconf 62' lang='lat' dir='ltr'>pestilentia</span> 
     </span>
    </p>
   </div>
   <div class='ocr_carea' id='block_1_7' title="bbox 158 3096 1250 4695">
    <p class='ocr_par' dir='ltr' id='par_1_9' title="bbox 170 3096 1245 3601">
     <span class='ocr_line' id='line_1_21' title="bbox 173 3096 1245 3197; baseline -0.001 -24"><span class='ocrx_word' id='word_1_113' title='bbox 173 3124 242 3173; x_wconf 77' lang='lat' dir='ltr'>non</span> <span class='ocrx_word' id='word_1_114' title='bbox 252 3103 349 3192; x_wconf 74' lang='lat' dir='ltr'>[edit.</span> <span class='ocrx_word' id='word_1_115' title='bbox 401 3100 464 3173; x_wconf 78' lang='lat' dir='ltr'>sei</span> <span class='ocrx_word' id='word_1_116' title='bbox 488 3102 527 3171; x_wconf 68' lang='grc' dir='ltr'>ἐπ’</span> <span class='ocrx_word' id='word_1_117' title='bbox 543 3100 606 3194; x_wconf 72' lang='lat' dir='ltr'>lege</span> <span class='ocrx_word' id='word_1_118' title='bbox 624 3096 843 3192; x_wconf 74' lang='lat' dir='ltr'>Dominifur&#39;i</span> <span class='ocrx_word' id='word_1_119' title='bbox 860 3099 1012 3170; x_wconf 75' lang='lat' dir='ltr'>voluntas</span> <span class='ocrx_word' id='word_1_120' title='bbox 1036 3106 1120 3197; x_wconf 80' lang='lat' dir='ltr'>ejur,</span> <span class='ocrx_word' id='word_1_121' title='bbox 1147 3101 1186 3178; x_wconf 67' lang='lat' dir='ltr'><strong><em>U</em></strong></span> <span class='ocrx_word' id='word_1_122' title='bbox 1206 3110 1245 3173; x_wconf 82' lang='lat' dir='ltr'>in</span> 
     </span>
     <span class='ocr_line' id='line_1_22' title="bbox 173 3198 1244 3301; baseline 0.001 -26"><span class='ocrx_word' id='word_1_123' title='bbox 173 3204 316 3301; x_wconf 65' lang='lat' dir='ltr'>legerius</span> <span class='ocrx_word' id='word_1_124' title='bbox 330 3200 595 3273; x_wconf 75' lang='lat' dir='ltr'>mdiraiirurdie</span> <span class='ocrx_word' id='word_1_125' title='bbox 609 3226 645 3272; x_wconf 82' lang='lat' dir='ltr'>ar</span> <span class='ocrx_word' id='word_1_126' title='bbox 659 3198 758 3274; x_wconf 61' lang='lat' dir='ltr'>noae.</span> <span class='ocrx_word' id='word_1_127' title='bbox 812 3202 983 3301; x_wconf 88' lang='lat' dir='ltr'>Quinque</span> <span class='ocrx_word' id='word_1_128' title='bbox 991 3220 1162 3297; x_wconf 83' lang='lat' dir='ltr'>generum</span> <span class='ocrx_word' id='word_1_129' title='bbox 1178 3205 1244 3276; x_wconf 89' lang='lat' dir='ltr'>ob·</span> 
     </span>
     <span class='ocr_line' id='line_1_23' title="bbox 172 3296 1243 3392; baseline -0.002 -15"><span class='ocrx_word' id='word_1_130' title='bbox 172 3300 387 3377; x_wconf 82' lang='lat' dir='ltr'>servantiam</span> <span class='ocrx_word' id='word_1_131' title='bbox 402 3301 514 3374; x_wconf 89' lang='lat' dir='ltr'>beato</span> <span class='ocrx_word' id='word_1_132' title='bbox 527 3302 611 3374; x_wconf 87' lang='lat' dir='ltr'>viro</span> <span class='ocrx_word' id='word_1_133' title='bbox 622 3297 758 3375; x_wconf 84' lang='lat' dir='ltr'>subell&#39;e</span> <span class='ocrx_word' id='word_1_134' title='bbox 772 3296 955 3392; x_wconf 80' lang='lat' dir='ltr'>Propheta</span> <span class='ocrx_word' id='word_1_135' title='bbox 971 3318 1243 3377; x_wconf 86' lang='lat' dir='ltr'>commemorat:</span> 
     </span>
     <span class='ocr_line' id='line_1_24' title="bbox 171 3400 1243 3502; baseline 0 -25"><span class='ocrx_word' id='word_1_136' title='bbox 171 3406 324 3502; x_wconf 85' lang='lat' dir='ltr'>primam</span> <span class='ocrx_word' id='word_1_137' title='bbox 344 3402 382 3477; x_wconf 90' lang='lat' dir='ltr'>in</span> <span class='ocrx_word' id='word_1_138' title='bbox 398 3400 590 3494; x_wconf 87' lang='lat' dir='ltr'>impiorum</span> <span class='ocrx_word' id='word_1_139' title='bbox 612 3400 764 3475; x_wconf 82' lang='lat' dir='ltr'>confilio</span> <span class='ocrx_word' id='word_1_140' title='bbox 787 3420 866 3475; x_wconf 91' lang='lat' dir='ltr'>non</span> <span class='ocrx_word' id='word_1_141' title='bbox 879 3402 1005 3494; x_wconf 86' lang='lat' dir='ltr'>eundi,</span> <span class='ocrx_word' id='word_1_142' title='bbox 1041 3405 1186 3477; x_wconf 77' lang='lat' dir='ltr'>alteram</span> <span class='ocrx_word' id='word_1_143' title='bbox 1205 3404 1243 3478; x_wconf 95' lang='lat' dir='ltr'>in</span> 
     </span>
     <span class='ocr_line' id='line_1_25' title="bbox 170 3498 1243 3601; baseline -0.002 -22"><span class='ocrx_word' id='word_1_144' title='bbox 170 3517 409 3601; x_wconf 84' lang='lat' dir='ltr'>peecatorum</span> <span class='ocrx_word' id='word_1_145' title='bbox 426 3503 485 3573; x_wconf 83' lang='lat' dir='ltr'>via</span> <span class='ocrx_word' id='word_1_146' title='bbox 502 3520 578 3573; x_wconf 90' lang='lat' dir='ltr'>non</span> <span class='ocrx_word' id='word_1_147' title='bbox 593 3498 828 3589; x_wconf 80' lang='lat' dir='ltr'>consistendi,</span> <span class='ocrx_word' id='word_1_148' title='bbox 853 3502 996 3575; x_wconf 84' lang='lat' dir='ltr'>tertiam</span> <span class='ocrx_word' id='word_1_149' title='bbox 1015 3504 1051 3575; x_wconf 93' lang='lat' dir='ltr'>in</span> <span class='ocrx_word' id='word_1_150' title='bbox 1072 3502 1243 3577; x_wconf 86' lang='lat' dir='ltr'>cathedra</span> 
     </span>
    </p>

    <p class='ocr_par' dir='ltr' id='par_1_10' title="bbox 198 3598 1250 3699">
     <span class='ocr_line' id='line_1_26' title="bbox 198 3598 1250 3699; baseline -0.002 -20"><span class='ocrx_word' id='word_1_151' title='bbox 198 3600 382 3679; x_wconf 84' lang='lat' dir='ltr'>estilentiae</span> <span class='ocrx_word' id='word_1_152' title='bbox 395 3620 471 3673; x_wconf 91' lang='lat' dir='ltr'>non</span> <span class='ocrx_word' id='word_1_153' title='bbox 486 3598 643 3687; x_wconf 81' lang='lat' dir='ltr'>sedendi,</span> <span class='ocrx_word' id='word_1_154' title='bbox 670 3598 1103 3677; x_wconf 89' lang='lat' dir='ltr'>tumdeindevoluntatis</span> <span class='ocrx_word' id='word_1_155' title='bbox 1117 3604 1250 3699; x_wconf 77' lang='lat' dir='ltr'>inlege-</span> 
     </span>
    </p>

    <p class='ocr_par' dir='ltr' id='par_1_11' title="bbox 158 3698 1245 4695">
     <span class='ocr_line' id='line_1_27' title="bbox 210 3698 1245 3796; baseline -0.001 -20"><span class='ocrx_word' id='word_1_156' title='bbox 210 3703 323 3781; x_wconf 88' lang='lat' dir='ltr'>omini</span> <span class='ocrx_word' id='word_1_157' title='bbox 341 3699 538 3796; x_wconf 79' lang='lat' dir='ltr'>ponende,</span> <span class='ocrx_word' id='word_1_158' title='bbox 565 3698 748 3791; x_wconf 85' lang='lat' dir='ltr'>postremo</span> <span class='ocrx_word' id='word_1_159' title='bbox 770 3699 806 3772; x_wconf 94' lang='lat' dir='ltr'>in</span> <span class='ocrx_word' id='word_1_160' title='bbox 830 3720 873 3772; x_wconf 81' lang='lat' dir='ltr'>er</span> <span class='ocrx_word' id='word_1_161' title='bbox 888 3699 946 3773; x_wconf 93' lang='lat' dir='ltr'>die</span> <span class='ocrx_word' id='word_1_162' title='bbox 962 3701 1146 3793; x_wconf 76' lang='lat' dir='ltr'>noiiuque</span> <span class='ocrx_word' id='word_1_163' title='bbox 1169 3725 1245 3776; x_wconf 89' lang='lat' dir='ltr'>me·</span> 
     </span>
     <span class='ocr_line' id='line_1_28' title="bbox 165 3796 1242 3897; baseline -0.005 -16"><span class='ocrx_word' id='word_1_164' title='bbox 165 3804 317 3893; x_wconf 68' lang='lat' dir='ltr'>diuodi.</span> <span class='ocrx_word' id='word_1_165' title='bbox 383 3798 483 3897; x_wconf 83' lang='lat' dir='ltr'>Ergo</span> <span class='ocrx_word' id='word_1_166' title='bbox 510 3796 651 3873; x_wconf 82' lang='lat' dir='ltr'>necesse</span> <span class='ocrx_word' id='word_1_167' title='bbox 675 3798 728 3874; x_wconf 89' lang='lat' dir='ltr'>est</span> <span class='ocrx_word' id='word_1_168' title='bbox 744 3798 891 3874; x_wconf 85' lang='lat' dir='ltr'>differre</span> <span class='ocrx_word' id='word_1_169' title='bbox 909 3800 1055 3893; x_wconf 89' lang='lat' dir='ltr'>impium</span> <span class='ocrx_word' id='word_1_170' title='bbox 1076 3823 1095 3873; x_wconf 83' lang='lat' dir='ltr'>a</span> <span class='ocrx_word' id='word_1_171' title='bbox 1113 3824 1242 3894; x_wconf 91' lang='lat' dir='ltr'>pecca·</span> 
     </span>
     <span class='ocr_line' id='line_1_29' title="bbox 164 3899 1240 3998; baseline -0.005 -17"><span class='ocrx_word' id='word_1_172' title='bbox 164 3916 268 3995; x_wconf 65' lang='lat' dir='ltr'>tore,</span> <span class='ocrx_word' id='word_1_173' title='bbox 294 3916 527 3998; x_wconf 86' lang='lat' dir='ltr'>peccatorem</span> <span class='ocrx_word' id='word_1_174' title='bbox 546 3922 565 3973; x_wconf 81' lang='lat' dir='ltr'>a</span> <span class='ocrx_word' id='word_1_175' title='bbox 581 3899 788 3992; x_wconf 89' lang='lat' dir='ltr'>pestilente;</span> <span class='ocrx_word' id='word_1_176' title='bbox 816 3900 968 3974; x_wconf 87' lang='lat' dir='ltr'>maxime</span> <span class='ocrx_word' id='word_1_177' title='bbox 978 3921 1058 3973; x_wconf 90' lang='lat' dir='ltr'>cum</span> <span class='ocrx_word' id='word_1_178' title='bbox 1072 3901 1240 3995; x_wconf 79' lang='lat' dir='ltr'>fitimpiis</span> 
     </span>
     <span class='ocr_line' id='line_1_30' title="bbox 161 3998 1242 4094; baseline -0.006 -13"><span class='ocrx_word' id='word_1_179' title='bbox 161 4002 369 4093; x_wconf 73' lang='lat' dir='ltr'>eonsilium,</span> <span class='ocrx_word' id='word_1_180' title='bbox 395 4002 580 4094; x_wconf 82' lang='lat' dir='ltr'>peccatori</span> <span class='ocrx_word' id='word_1_181' title='bbox 600 4001 672 4092; x_wconf 86' lang='lat' dir='ltr'>via,</span> <span class='ocrx_word' id='word_1_182' title='bbox 700 3998 869 4073; x_wconf 85' lang='lat' dir='ltr'>cathedra</span> <span class='ocrx_word' id='word_1_183' title='bbox 886 3998 1081 4093; x_wconf 88' lang='lat' dir='ltr'>pestilenti:</span> <span class='ocrx_word' id='word_1_184' title='bbox 1109 4002 1242 4077; x_wconf 91' lang='lat' dir='ltr'>dehinc</span> 
     </span>
     <span class='ocr_line' id='line_1_31' title="bbox 166 4099 1242 4198; baseline -0.005 -19"><span class='ocrx_word' id='word_1_185' title='bbox 166 4120 252 4179; x_wconf 81' lang='lat' dir='ltr'>eum</span> <span class='ocrx_word' id='word_1_186' title='bbox 271 4100 306 4173; x_wconf 89' lang='lat' dir='ltr'>in</span> <span class='ocrx_word' id='word_1_187' title='bbox 329 4099 480 4173; x_wconf 83' lang='lat' dir='ltr'>consilio</span> <span class='ocrx_word' id='word_1_188' title='bbox 499 4100 691 4191; x_wconf 90' lang='lat' dir='ltr'>impiorum</span> <span class='ocrx_word' id='word_1_189' title='bbox 711 4112 812 4172; x_wconf 88' lang='lat' dir='ltr'>eatur</span> <span class='ocrx_word' id='word_1_190' title='bbox 825 4101 969 4195; x_wconf 86' lang='lat' dir='ltr'>potius,</span> <span class='ocrx_word' id='word_1_191' title='bbox 997 4122 1101 4192; x_wconf 89' lang='lat' dir='ltr'>quam</span> <span class='ocrx_word' id='word_1_192' title='bbox 1112 4102 1242 4198; x_wconf 81' lang='lat' dir='ltr'>stetur,</span> 
     </span>
     <span class='ocr_line' id='line_1_32' title="bbox 158 4197 1243 4301; baseline 0.003 -27"><span class='ocrx_word' id='word_1_193' title='bbox 158 4200 278 4279; x_wconf 78' lang='lat' dir='ltr'>invia</span> <span class='ocrx_word' id='word_1_194' title='bbox 289 4201 592 4291; x_wconf 84' lang='lat' dir='ltr'>veropeccatoris</span> <span class='ocrx_word' id='word_1_195' title='bbox 603 4197 716 4272; x_wconf 88' lang='lat' dir='ltr'>stetur</span> <span class='ocrx_word' id='word_1_196' title='bbox 728 4199 851 4296; x_wconf 81' lang='lat' dir='ltr'>magis,</span> <span class='ocrx_word' id='word_1_197' title='bbox 877 4220 981 4290; x_wconf 89' lang='lat' dir='ltr'>quam</span> <span class='ocrx_word' id='word_1_198' title='bbox 992 4216 1105 4276; x_wconf 88' lang='lat' dir='ltr'>eatur.</span> <span class='ocrx_word' id='word_1_199' title='bbox 1142 4204 1243 4301; x_wconf 86' lang='lat' dir='ltr'>Qua·</span> 
     </span>
     <span class='ocr_line' id='line_1_33' title="bbox 164 4297 1234 4398; baseline -0.005 -19"><span class='ocrx_word' id='word_1_200' title='bbox 164 4322 247 4379; x_wconf 83' lang='lat' dir='ltr'>tum</span> <span class='ocrx_word' id='word_1_201' title='bbox 266 4321 386 4377; x_wconf 84' lang='lat' dir='ltr'>rerum</span> <span class='ocrx_word' id='word_1_202' title='bbox 399 4297 517 4372; x_wconf 80' lang='lat' dir='ltr'>causas</span> <span class='ocrx_word' id='word_1_203' title='bbox 536 4313 577 4372; x_wconf 88' lang='lat' dir='ltr'>ut</span> <span class='ocrx_word' id='word_1_204' title='bbox 593 4301 793 4398; x_wconf 83' lang='lat' dir='ltr'>intelligere</span> <span class='ocrx_word' id='word_1_205' title='bbox 812 4298 1000 4397; x_wconf 78' lang='lat' dir='ltr'>possimus,</span> <span class='ocrx_word' id='word_1_206' title='bbox 1036 4302 1234 4375; x_wconf 89' lang='lat' dir='ltr'>discernen·</span> 
     </span>
     <span class='ocr_line' id='line_1_34' title="bbox 165 4399 1236 4494; baseline -0.005 -17"><span class='ocrx_word' id='word_1_207' title='bbox 165 4402 250 4477; x_wconf 81' lang='lat' dir='ltr'>dum</span> <span class='ocrx_word' id='word_1_208' title='bbox 272 4400 344 4494; x_wconf 83' lang='lat' dir='ltr'>est,</span> <span class='ocrx_word' id='word_1_209' title='bbox 385 4416 556 4494; x_wconf 87' lang='lat' dir='ltr'>quantum</span> <span class='ocrx_word' id='word_1_210' title='bbox 579 4399 722 4475; x_wconf 86' lang='lat' dir='ltr'>differat</span> <span class='ocrx_word' id='word_1_211' title='bbox 746 4414 920 4494; x_wconf 85' lang='lat' dir='ltr'>peccator</span> <span class='ocrx_word' id='word_1_212' title='bbox 950 4406 994 4475; x_wconf 90' lang='lat' dir='ltr'>ab</span> <span class='ocrx_word' id='word_1_213' title='bbox 1018 4403 1148 4492; x_wconf 83' lang='lat' dir='ltr'>impio:</span> <span class='ocrx_word' id='word_1_214' title='bbox 1190 4414 1236 4472; x_wconf 91' lang='lat' dir='ltr'>ut</span> 
     </span>
     <span class='ocr_line' id='line_1_35' title="bbox 162 4500 1233 4599; baseline -0.003 -24"><span class='ocrx_word' id='word_1_215' title='bbox 162 4522 229 4599; x_wconf 82' lang='lat' dir='ltr'>pet</span> <span class='ocrx_word' id='word_1_216' title='bbox 250 4502 289 4576; x_wconf 89' lang='lat' dir='ltr'>id</span> <span class='ocrx_word' id='word_1_217' title='bbox 306 4502 457 4599; x_wconf 80' lang='lat' dir='ltr'>intelligi</span> <span class='ocrx_word' id='word_1_218' title='bbox 478 4500 602 4595; x_wconf 81' lang='lat' dir='ltr'>possit,</span> <span class='ocrx_word' id='word_1_219' title='bbox 641 4522 706 4576; x_wconf 88' lang='lat' dir='ltr'>cur</span> <span class='ocrx_word' id='word_1_220' title='bbox 728 4500 915 4594; x_wconf 86' lang='lat' dir='ltr'>peccatori</span> <span class='ocrx_word' id='word_1_221' title='bbox 938 4503 1023 4591; x_wconf 85' lang='lat' dir='ltr'>via,</span> <span class='ocrx_word' id='word_1_222' title='bbox 1063 4501 1233 4592; x_wconf 87' lang='lat' dir='ltr'>&amp;impio</span> 
     </span>
     <span class='ocr_line' id='line_1_36' title="bbox 163 4598 1239 4695; baseline -0.006 -16"><span class='ocrx_word' id='word_1_223' title='bbox 163 4600 350 4679; x_wconf 81' lang='lat' dir='ltr'>confilium</span> <span class='ocrx_word' id='word_1_224' title='bbox 375 4603 584 4695; x_wconf 84' lang='lat' dir='ltr'>deputetur:</span> <span class='ocrx_word' id='word_1_225' title='bbox 623 4601 754 4677; x_wconf 87' lang='lat' dir='ltr'>dehinc</span> <span class='ocrx_word' id='word_1_226' title='bbox 773 4618 836 4672; x_wconf 89' lang='lat' dir='ltr'>cur</span> <span class='ocrx_word' id='word_1_227' title='bbox 854 4598 887 4671; x_wconf 71' lang='grc' dir='ltr'>δι</span> <span class='ocrx_word' id='word_1_228' title='bbox 906 4601 942 4674; x_wconf 93' lang='lat' dir='ltr'>in</span> <span class='ocrx_word' id='word_1_229' title='bbox 966 4602 1026 4672; x_wconf 86' lang='lat' dir='ltr'>via</span> <span class='ocrx_word' id='word_1_230' title='bbox 1047 4599 1239 4688; x_wconf 83' lang='lat' dir='ltr'>standum,</span> 
     </span>
    </p>
   </div>
   <div class='ocr_carea' id='block_1_8' title="bbox 142 4695 1234 4874">
    <p class='ocr_par' dir='ltr' id='par_1_12' title="bbox 142 4695 1234 4874">
     <span class='ocr_line' id='line_1_37' title="bbox 142 4695 1234 4874; baseline 0.001 -99"><span class='ocrx_word' id='word_1_231' title='bbox 142 4695 242 4778; x_wconf 64' lang='lat' dir='ltr'>aia</span> <span class='ocrx_word' id='word_1_232' title='bbox 257 4703 416 4783; x_wconf 78' lang='lat' dir='ltr'>confilio</span> <span class='ocrx_word' id='word_1_233' title='bbox 434 4702 594 4786; x_wconf 84' lang='lat' dir='ltr'>eundum</span> <span class='ocrx_word' id='word_1_234' title='bbox 607 4702 674 4799; x_wconf 77' lang='lat' dir='ltr'>fit3</span> <span class='ocrx_word' id='word_1_235' title='bbox 708 4721 791 4780; x_wconf 87' lang='lat' dir='ltr'>cum</span> <span class='ocrx_word' id='word_1_236' title='bbox 805 4699 958 4779; x_wconf 85' lang='lat' dir='ltr'>humana</span> <span class='ocrx_word' id='word_1_237' title='bbox 980 4699 1234 4874; x_wconf 53' lang='lat' dir='ltr'>consuetugo,</span> 
     </span>
    </p>
   </div>
   <div class='ocr_carea' id='block_1_9' title="bbox 0 0 1364 5709">
    <p class='ocr_par' dir='ltr' id='par_1_13' title="bbox 0 0 1364 5709">
     <span class='ocr_line' id='line_1_38' title="bbox 0 0 1364 5709; baseline 0 8"><span class='ocrx_word' id='word_1_238' title='bbox 0 0 1364 5709; x_wconf 95' lang='lat' dir='ltr'> </span> 
     </span>
    </p>
   </div>
  </div>
 </body>
</html>
