2717 5709
267 850 557 1005 Ttaeaarua
587 842 637 981 iu
666 897 721 985 11.
753 906 989 989 Prienen.
1061 910 1158 1007 '175
1299 950 1300 1021 p

98 1080 244 1170 nititur,
279 1074 366 1149 dum
386 1068 595 1145 inconcessa
608 1057 783 1165 expetit,
806 1064 909 1160 duin,
944 1070 1044 1165 quod
1066 1074 1161 1149 obti·

98 1178 208 1258 amiso
225 1176 261 1251 se
276 1172 409 1270 sperat,
435 1171 581 1263 amittit,
607 1171 692 1245 dum
710 1169 828 1243 Deum
844 1168 930 1265 effe,
957 1189 1163 1266 quemtam-
1299 1176 1300 1237 ἶ

72 1298 76 1315 ·
99 1300 202 1379 quarn
220 1276 405 1351 hominem
417 1270 659 1365 condemnat,
683 1266 856 1367 agnoscit.

105 1438 112 1447 .
202 1396 259 1470 13.
286 1373 351 1449 Ob‘
374 1373 474 1466 quod
497 1385 751 1466 competenter
768 1370 843 1445 hoc
861 1368 1038 1463 sequitur:
1070 1368 1163 1447 Tunc

97 1481 244 1579 degerem
262 1478 303 1549 od
321 1500 369 1548 tos
387 1480 425 1544 in
438 1478 490 1543 iro
501 1474 583 1565 sua,
615 1470 654 1548 (5
675 1474 1019 1565 inindignotionesria
1033 1473 1165 1557 rentur-
1299 1530 1300 1537 ,

99 1582 260 1657 babitus.
311 1568 439 1649 Postea
448 1572 543 1646 enim
556 1591 661 1663 quam
673 1569 882 1667 resurgente
897 1574 1078 1647 amortuis
1092 1574 1164 1653 Dei

98 1679 202 1772 siiio,
233 1678 272 1751 in
286 1695 393 1769 quem
408 1692 508 1747 mora
521 1691 585 1765 per
600 1669 754 1767 speciem
772 1674 964 1765 corporis,
996 1674 1095 1767 quod
1117 1674 1166 1751 as·
1299 1674 1300 1681 '

62 1815 63 1818 Ν
99 1780 237 1874 sumit,
262 1775 454 1865 inciderat,
478 1772 660 1847 temeritas
675 1769 902 1847 infrustuosae
915 1766 1108 1865 impietatis
1118 1779 1165 1848 ir·
1299 1842 1300 1845 a

99 1880 167 1955 risa
188 1874 250 1953 est.
301 1876 402 1950 Deua
424 1875 469 1947 ad
484 1894 572 1965 eos,
608 1893 701 1965 quor
718 1868 1014 1956 subsannaverat,
1047 1876 1166 1967 loqui.

99 1994 182 2071 tur,
219 1996 358 2069 eoaque
377 1975 415 2049 in
438 1970 685 2070 indignatione
709 1974 915 2045 conturbat.
984 1976 1041 2045 Ac
1066 1978 1165 2068 priua
1281 1983 1285 1994 '

100 2100 208 2173 quam
229 2078 309 2169 quia
329 2073 393 2148 iste
415 2074 477 2147 ire
496 2070 633 2165 sermo,
667 2071 798 2164 &quo
813 2072 891 2146 hate
909 2072 1171 2170 indignationis

98 2177 332 2277 perturbatio
354 2174 417 2255 tit,
449 2170 698 2266 ostendamur,
732 2173 918 2275 admoneri
933 2175 1096 2271 legentes
1116 2190 1169 2250 ar.

100 2302 176 2373 que
195 2276 381 2351 audientes
397 2287 572 2367 oportet,
597 2293 647 2345 ne
660 2272 794 2363 aliquae
810 2271 1076 2349 demutationes
1093 2276 1169 2369 pas·
1197 2281 1199 2287 '

62 2415 63 2468 3
98 2380 245 2459 ssonum
268 2374 633 2470 perturbationerque
656 2386 821 2446 motuum
845 2374 976 2446 cadere
995 2375 1032 2446 in
1050 2374 1170 2453 Deum
1215 2433 1222 2467 ,

62 2525 63 2562 ,
102 2475 266 2551 credant.
314 2472 415 2548 Nihil
438 2474 535 2548 enim
558 2474 597 2545 iu
615 2485 784 2547 eternam
806 2472 900 2547 iilam
921 2475 955 2547 dt
976 2474 1170 2569 perfectam
1244 2490 1247 2495 '

99 2572 565 2657 natnrnnnovomincidit:
589 2570 904 2664 nequequiitaest,
931 2576 1171 2675 utqualieest,

100 2680 184 2755 talis
199 2674 382 2770 &semper
397 2674 461 2765 sit,
485 2695 533 2747 ne
551 2673 742 2764 aliquando
760 2673 947 2755 nunidem
965 2675 1021 2763 stt,
1046 2676 1170 2767 potest

102 2776 197 2857 effici
212 2776 343 2869 aliquid
363 2775 459 2847 aliud
479 2771 573 2866 eise,
605 2793 709 2864 quam
729 2771 868 2879 semper
881 2772 943 2848 est.
994 2772 1171 2851 Terrena
1233 2816 1236 2833 ·

100 2878 195 2953 istud
213 2873 499 2969 imperfecteque
524 2870 785 2947 causaebabent
803 2874 959 2969 generis,
994 2876 1174 2951 utdrmu·
1299 2938 1300 2943 ,

97 2979 230 3053 rabilea
244 2973 740 3054 bantconverssonenature‚
768 2972 1013 3047 cumiaetitiam
1025 2994 1171 3072 meror,

97 3075 383 3175 placabilitatem
396 3075 472 3161 ira,
506 3073 801 3145 benevolentiam
826 3070 985 3167 offensa,
1019 3080 1173 3167 equani-

96 3179 267 3256 mitatem
280 3172 431 3261 invidia,
457 3170 730 3243 &securitatem
748 3171 953 3245 sollicitudo
971 3178 1176 3267 perturbata

97 3276 297 3368 firmatque
316 3288 383 3363 per
412 3272 489 3345 haec
513 3270 608 3342 aliud
636 3270 848 3363 aliquando,
886 3272 1172 3373 quantumus,

98 3394 190 3453 cum
204 3391 296 3464 eam,
323 3388 403 3462 que
419 3366 569 3462 presens
582 3370 638 3462 sit,
663 3373 793 3444 mentir
808 3370 1036 3449 affesiionem
1052 3373 1173 3450 subre-

98 3494 213 3573 penr,
238 3491 303 3564 per
316 3468 593 3543 inconstantiam
603 3466 918 3563 infirmitatemque
928 3474 1085 3547 nostram
1097 3496 1175 3548 mo·
1287 3494 1291 3503 ·

101 3592 166 3651 tua
195 3570 432 3666 appetitionis
459 3570 818 3661 asteriueinquietetr
853 3572 948 3644 &ex
965 3593 1033 3665 eo,
1072 3574 1174 3664 quod

101 3675 259 3764 serimus,
284 3670 394 3761 inid,
423 3665 668 3761 quodsumur,
696 3668 888 3743 conversio
902 3692 971 3743 nos
987 3677 1190 3765 repentinaw

105 3775 282 3847 demutet
332 3769 435 3844 Deua
452 3784 571 3843 autem
587 3768 713 3841 beatus
728 3784 836 3861 atque
854 3770 1032 3863 perscitus
1053 3774 1143 3866 prof
1160 3818 1176 3835 ·

62 3862 63 3900 ¹
106 3870 170 3943 dtu
191 3890 268 3942 non
290 3886 391 3967 eget,
426 3871 484 3941 cui
498 3870 586 3943 nihil
607 3868 722 3942 deest:
754 3870 1001 3945 demutatione
1020 3894 1094 3947 non
1108 3897 1176 3947 no·

103 3988 182 4043 vus
199 3966 271 4058 est‘,
304 3969 363 4057 qui
381 3971 520 4065 origine
539 3983 650 4043 caret.
702 3966 803 4041 IPSE
819 3964 933 4063 EST,
967 3974 1047 4063 qui,
1075 3976 1176 4063 quod

104 4068 176 4161 est,
203 4086 281 4141 non
297 4068 437 4141 aliunde
452 4068 519 4142 est:
545 4071 582 4141 in
600 4066 671 4141 sese
689 4066 753 4160 est,
780 4067 898 4143 secum
916 4070 981 4162 est,
1009 4071 1175 4166 adseest,
1208 4103 1211 4111 ·
1299 4098 1300 4103 ¹

104 4168 191 4244 suut
214 4166 277 4241 fibi
297 4164 368 4260 est,
401 4168 436 4240 dt
451 4166 524 4262 ipse
537 4168 601 4243 sibi
617 4172 738 4243 omnia
753 4168 824 4261 est,
857 4190 983 4245 carens
1001 4174 1099 4246 omni
1116 4176 1180 4245 dea

105 4268 313 4345 mutatione
328 4270 528 4360 novitatis,
555 4268 615 4361 qui
634 4268 722 4341 nihii
743 4268 853 4362 aliud,
880 4272 978 4361 quod
999 4272 1035 4343 in
1052 4268 1179 4366 sepos

106 4367 362 4563 geetuiqplcigdere,
393 4368 536 4467 perid,
562 4366 663 4462 quod
677 4366 753 4463 ipse
770 4368 833 4445 sibi
853 4380 974 4445 totum
986 4383 1092 4507 totus
1109 4371 1176 4469 est,

984 4648 1048 4764 ¹14.
1072 4634 1151 4747 Ex,
