2717 5709
138 581 1287 879 —

183 1098 235 1171 aa
473 1070 917 1183 ΙδΛΗῐιΑιιιι

182 1282 211 1329 2·
233 1236 317 1335 post
335 1248 460 1317 tentor
477 1238 623 1316 labores
647 1262 694 1315 ex
710 1236 950 1331 contentione
964 1262 1163 1341 paucorum
1180 1244 1254 1325 laos

182 1382 210 1426 η
233 1340 538 1417 minumresricari
556 1342 601 1417 ab
614 1342 758 1436 abjeilie
771 1356 855 1419 ante
868 1345 1132 1444 annosorum,
1157 1348 1264 1425 srcut'

183 1486 212 1535 ,2
236 1439 414 1535 &scripta
430 1440 665 1519 manifestant.
714 1440 785 1517 Sed
801 1442 826 1519 fi
842 1444 948 1539 aliqul
971 1450 1158 1543 explebe,
1186 1450 1250 1541 qul

183 1582 210 1621 2,
233 1561 424 1633 numquam
443 1546 819 1631 communicaverant,
850 1564 968 1638 neque
984 1544 1059 1642 his,
1085 1549 1249 1639 quiante

182 1686 209 1729 ‚2
233 1640 474 1729 meluerunt,
508 1641 709 1736 episcopia,
746 1663 844 1719 nuuc
863 1646 1012 1738 amplius
1031 1648 1178 1721 excitati
1198 1649 1246 1722 ab

182 1780 209 1827 2,
233 1741 421 1816 Hilario&
439 1740 618 1827 Eusebio,
642 1745 894 1836 perturbantes
916 1745 1111 1842 quosdam,
1137 1747 1249 1823 haere·

179 1887 210 1922 ‚,
236 1842 346 1917 ticuru
362 1864 420 1917 me
432 1856 681 1919 vocaverunt:
705 1842 798 1936 jussit
813 1862 905 1916 vero
922 1843 1036 1937 pietas
1056 1844 1172 1920 vestra
1184 1867 1248 1920 co-

181 1991 208 2031 „
233 1940 408 2039 gnoscere
437 1942 482 2017 de
510 1944 565 2017 his
590 1945 691 2017 viror
714 1942 930 2037 laudabiles,
968 1944 1192 2045 Quaestorem
1211 1946 1248 2020 lc

179 2087 208 2133 2,
231 2042 458 2143 Magistrum:
496 2042 530 2116 δι
559 2041 648 2117 srcut
664 2041 832 2137 praedixi,
869 2063 946 2119 non
969 2065 1034 2118 eos
1059 2045 1248 2139 personam

180 2142 367 2249 „nabere
381 2142 628 2217 accusatorum
643 2155 705 2217 aut
720 2143 902 2239 judicare,
929 2144 989 2237 qui
1007 2141 1111 2218 semel
1134 2144 1249 2239 depo·

181 2260 208 2343 ,a
232 2242 287 2319 siti
303 2242 408 2334 sunt;
434 2240 539 2338 (dico
561 2256 680 2318 autem
704 2242 892 2338 Hilarium,
918 2241 1031 2337 &qui
1045 2242 1248 2319 eiconsen-

180 2346 206 2457 l,
231 2345 345 2417 nunt:
371 2340 524 2441 )tamen
542 2343 717 2418 obediens
736 2342 916 2419 serenitati
931 2342 1071 2437 vestrae,
1095 2345 1245 2439 procesfi

179 2466 207 2537 3,
231 2442 453 2519 manifestare
474 2440 557 2519 salsa
584 2443 809 2538 dicentibus,
845 2442 1248 2538 &blasphemantium

179 2538 207 2629 ,i
230 2542 265 2619 ἃ
283 2544 502 2617 vocantibus
517 2565 575 2617 me
592 2543 784 2637 Amanum,
811 2543 846 2619 δι
864 2544 959 2638 quali
973 2564 1051 2621 non
1064 2540 1248 2619 confiten-

178 2691 203 2735 ,‚
226 2657 301 2721 tem
326 2640 505 2719 Christum
518 2642 630 2719 filium
645 2642 718 2717 Dei
736 2642 856 2721 Deum
870 2642 954 2720 esse.

284 2766 329 2835 14
365 2792 386 2829 „
399 2741 558 2839 Exposui
577 2744 698 2819 amicis
718 2745 862 2836 pietatis
885 2744 1012 2819 vestrae
1028 2764 1143 2818 meam
1158 2763 1248 2815 con-

179 2844 430 2939 „sessionem
453 2842 845 2938 primumsatissaciens,
869 2844 1149 2937 quirnumquam
1158 2841 1248 2915 scivi

177 2994 204 3039 „
228 2947 375 3035 Arium,
402 2965 479 3018 non
498 2944 573 3018 vidi
590 2947 722 3031 oculis,
751 2964 829 3017 non
845 2945 1008 3041 cognovi
1027 2945 1101 3037 ejus
1113 2941 1247 3017 doilri·

168 3066 203 3139 ·‚‚
227 3069 328 3121 narn:
353 3043 472 3118 sodex
493 3045 661 3136 infantia,
690 3043 987 3135 quemadmodum
1004 3042 1129 3116 dolius
1149 3040 1247 3136 sum,

176 3198 203 3243 ‚,
229 3147 318 3221 srcut
339 3147 463 3239 accepi
477 3144 522 3218 de
539 3141 663 3217 sanilis
677 3143 885 3237 scripturis,
911 3144 1059 3236 credidi,
1087 3142 1245 3215 &credo

136 3268 141 3277 ·
177 3296 203 3337 ,‚
229 3249 397 3321 inunum
422 3242 534 3319 solum
556 3264 686 3318 verum
710 3243 830 3319 Deum
851 3258 989 3339 patrem
1014 3242 1248 3336 omnipoten-

176 3394 201 3437 ‚‚
226 3363 322 3438 tem,
348 3345 576 3438 invisibilem,
600 3344 854 3437 impalsrbilem‚
879 3344 1136 3419 immortalem:
1163 3344 1246 3417 &in

176 3498 203 3541 „
226 3444 341 3520 filium
367 3447 443 3539 ejus
474 3445 697 3543 unigenitum
724 3442 922 3520 Dominum
942 3442 1104 3520 nostrum
1126 3442 1246 3538 Jesum

174 3595 204 3645 „
230 3544 430 3637 Christum,
459 3558 542 3617 ante
561 3546 682 3616 omnia
698 3542 836 3637 secula,
861 3543 897 3616 ir
918 3556 1002 3619 ante
1021 3564 1131 3621 omne
1148 3545 1245 3635 prin·
1273 3548 1275 3552 '

121 3682 126 3691 ·
174 3694 200 3735 „
225 3647 357 3741 cipium
374 3658 495 3718 natum
513 3667 558 3717 ex
574 3642 678 3717 Patre
694 3640 845 3717 DEUM
859 3642 1046 3718 VERUM
1060 3639 1245 3716 FILIUM

175 3795 201 3835 „
224 3766 387 3824 exuero
411 3745 496 3820 Deo
518 3758 643 3839 patre,
677 3738 872 3820 secundum
887 3745 985 3838 quod
1002 3742 1169 3834 scriptum
1189 3740 1244 3814 est

175 3898 202 3941 ‚,
227 3849 265 3923 in
279 3844 499 3945 Evangelio:
537 3848 612 3919 Haec
635 3846 676 3943 est
692 3862 800 3917 autem
820 3851 894 3917 viro
909 3859 1046 3929 aeternu,
1073 3856 1110 3912 ut
1134 3864 1243 3933 cogno-

175 3990 203 4034 „
223 3952 318 4037 scant
330 3965 363 4021 re
373 3954 473 4035 solum
482 3971 593 4017 vnum
608 3950 725 4031 Deum,
749 3945 789 4022 (Ἰ
804 3968 891 4041 quem
899 3941 1002 4039 mififli
1011 3939 1123 4039 Jesum
1137 3937 1242 4017 Chri·

176 4095 200 4134 „
218 4048 313 4147 Jlum.
364 4046 433 4121 Per
457 4044 568 4139 ipsum
595 4048 689 4121 enim
711 4047 832 4122 omnia
848 4041 939 4118 seila
954 4039 1056 4137 sunt,
1090 4042 1244 4117 visibilia

173 4196 203 4247 „
228 4146 264 4223 δι
290 4145 488 4221 invisibilia.
553 4148 627 4245 Qui
647 4144 832 4221 descendit
855 4144 900 4218 de
924 4145 1021 4217 coelis
1048 4144 1245 4217 voluntate

175 4300 200 4342 „
223 4244 338 4323 Patris
363 4260 514 4341 propter
538 4244 695 4321 nostram
715 4245 884 4340 salutem,
922 4258 1027 4320 natus
1044 4242 1088 4318 de
1109 4243 1245 4337 Spiritu

175 4398 201 4444 ,‚
224 4347 345 4424 sanilo
370 4346 403 4419 δι
425 4345 541 4420 Maria
559 4349 712 4444 Virgine
736 4344 929 4421 secundum
949 4366 1113 4435 carnem,
1150 4343 1240 4413 sicut

175 4498 199 4542 2,
227 4449 395 4544 scripturn
419 4447 491 4538 est,
519 4444 780 4523 &crucifixum
797 4448 859 4521 sub
876 4444 1009 4521 Pontio
1027 4442 1163 4534 silam,
1191 4438 1243 4512 se·

174 4597 199 4637 ‚,
223 4553 385 4645 pultum,
417 4549 525 4622 tertia
548 4548 605 4620 die
618 4547 863 4644 resurrexisse,
891 4540 1102 4620 adscendisse
1116 4543 1152 4614 in
1172 4562 1243 4611 cm.

162 4698 193 4729 η
216 4650 283 4740 lis,
310 4648 434 4724 sedere
444 4649 488 4723 ad
503 4649 688 4723 dexteram
711 4648 846 4740 Patris,
872 4658 1065 4722 venturum
1079 4643 1242 4735 judicare

138 4784 170 4821 η
202 4750 324 4823 vivos
348 4746 386 4826 ἅ
408 4764 597 4830 mortuos.
650 4746 702 4828 Et
727 4752 768 4828 in
782 4748 952 4850 Spiritum
971 4740 1124 4917 sanfiixtlgss
1141 4765 1245 4834 Palae

1000 4863 1197 4938 „ceum
