2717 5709
99 997 105 1008 .
201 905 251 968 xa.
524 875 778 964 buuurrrn
809 870 963 965 Cereio

310 1041 368 1124 Er
382 1043 439 1120 lale
455 1039 708 1136 confirmatur,
733 1043 832 1136 qnod
850 1037 1273 1138 superioridlsputatiom

210 1166 293 1249 satie
312 1169 384 1260 jam
409 1163 551 1242 aliunde
574 1160 854 1244 demonstratum
874 1178 974 1258 erat,
1006 1184 1202 1273 quemnon
1218 1191 1273 1247 ne

213 1289 308 1390 gerit
337 1287 491 1364 Hilarius
519 1281 696 1360 Christum
718 1301 764 1358 ex
782 1281 909 1364 Marim
931 1285 1119 1362 substantia
1132 1306 1273 1371 carnem

208 1405 419 1514 ‚allumsrll'm
452 1425 534 1483 cum
559 1403 725 1481 homines
747 1399 891 1484 Christo
908 1407 1035 1482 natura
1053 1406 1174 1482 unitor
1195 1409 1273 1482 ider

218 1527 418 1619 affirmarit,
448 1524 545 1618 quod
559 1543 636 1600 eam
649 1521 755 1620 ipsam
772 1521 963 1624 susceperit
976 1527 1092 1603 camis
1104 1539 1273 1607 naturam

89 1669 90 1676 ¹
220 1664 329 1742 atque
352 1645 597 1734 substantiam,
633 1663 703 1737 qua
724 1642 938 1727 constemus.
988 1645 1212 1724 Cumautem
1225 1670 1273 1724 na

105 1783 106 1786 ‘
149 1823 154 1844 .
219 1769 344 1848 ruralis
361 1765 464 1862 huius
478 1765 625 1841 unitatis
640 1763 790 1862 gloriam
808 1767 897 1842 nulli
917 1767 1056 1844 homini
1071 1781 1201 1862 neget,
1227 1792 1273 1862 pa

113 1945 124 1986 „
218 1901 299 1984 cet,
333 1887 431 1980 quod
451 1883 623 1976 diximum
659 1885 775 1964 minus
793 1907 875 1964 eum
897 1888 940 1965 ad
957 1886 1115 1982 spiritum
1130 1885 1272 1964 Christi

221 2030 297 2106 quo
315 2005 378 2086 soli
396 2002 520 2083 fideles
538 2025 580 2080 ac
598 2005 689 2082 boni
704 2005 888 2090 cumDeo
901 2010 1099 2103 uniuntur,
1125 2025 1273 2102 quema

142 2147 147 2156 “
223 2123 465 2224 eorpueilliue
483 2121 683 2220 respexilse.

324 2246 433 2321 Alter
462 2245 620 2338 ejusdem
638 2246 789 2332 ,unitatis
810 2246 1029 2342 explicandae
1051 2243 1182 2322 mouns
1200 2259 1273 2342 pet

97 2457 99 2462 .
224 2383 286 2446 tut
301 2367 622 2444 excommunione
641 2367 756 2442 carnis
772 2359 923 2463 Christi,
949 2388 1055 2466 quem
1069 2368 1108 2442 in
1122 2361 1273 2451 buchar

223 2486 297 2566 stiae
316 2484 538 2562 sacramento
555 2486 783 2584 percipimus.

328 2605 414 2689 Hoc
441 2619 690 2705 argumentum
716 2609 868 2686 alterum
889 2608 1040 2704 proprie
1060 2626 1139 2684 uon
1155 2602 1273 2698 separa

226 2725 405 2819 Hilarius,
431 2721 489 2804 sed
511 2741 669 2820 utroque
689 2729 812 2822 potius
827 2730 863 2804 in
885 2749 997 2804 unum
1011 2723 1273 2820 compositum<

128 2869 130 2874 ’
226 2847 332 2926 stram
361 2867 443 2923 cum
468 2843 609 2926 Christo
632 2849 837 2926 naturalem
850 2850 1025 2928 unitatem
1048 2846 1096 2923 lic
1114 2845 1273 2921 declarat

214 2960 301 3062 '‚,Si
318 2969 412 3046 enim
431 2987 520 3044 vere
532 2967 701 3046 Verbum
719 2988 804 3048 caro
822 2966 953 3046 fabium
970 2965 1042 3052 est,
1067 2964 1185 3072 &noa
1205 2987 1273 3041 ver

196 3100 201 3113 ¹
227 3089 391 3166 Verbum
413 3105 557 3166 carnem
577 3089 662 3166 cibo
685 3088 870 3168 dominico
888 3084 1078 3180 sumimur,
1105 3087 1273 3178 quomod

206 3222 306 3285 'non
338 3207 547 3282 naturaliter
573 3207 611 3284 iu
643 3210 752 3287 nobie
776 3229 923 3287 manere
949 3205 1201 3286 existimandus
1227 3206 1273 3282 ei

91 3397 95 3409 ,
230 3330 290 3422 qui
319 3327 352 3400 br
381 3339 544 3402 naturam
565 3328 681 3407 caruis
708 3327 838 3406 nostre
853 3328 926 3421 jam
946 3326 1215 3426 inseparabilem
1237 3327 1273 3402 sii

231 3447 346 3526 bomo
366 3461 471 3526 uatus
494 3443 663 3538 aslumlit,
695 3448 908 3528 &naturam
924 3452 1041 3528 carnis
1058 3447 1124 3526 lue
1138 3448 1182 3520 ad
1196 3461 1273 3520 nati

231 3587 307 3646 ram
324 3566 554 3658 eternitatis,
581 3559 642 3644 sub¹
657 3565 881 3650 sacramento
902 3563 1272 3648 communicandum

229 3691 313 3783 uis,
340 3683 586 3766 admiscuere

332 3803 545 3899 Mirumel't,
570 3801 1205 3898 quantumsetorqueatsculteturin
1219 3825 1273 3880 an,

231 3925 297 4026 lyfi
322 3926 547 4021 immolem,
582 3937 624 4000 ut
651 3922 830 4020 propofiti
854 3904 1052 4020 irgumenu
1080 3922 1156 4002 vim
1182 3925 1273 4001 elida

233 4047 421 4138 Namque
439 4046 485 4120 de
499 4045 830 4120 communicatione
845 4041 962 4120 carnis
975 4041 1102 4121 curisti
1113 4045 1150 4121 in
1163 4043 1272 4120 Euclr

109 4152 113 4170 ⁴
234 4163 339 4246 rime
353 4163 576 4246 sacramento
590 4164 777 4260 perspicua
790 4160 887 4256 sunt,
911 4162 995 4242 dum
1010 4162 1230 4256 detorquere
1242 4187 1273 4237 cr

234 4299 343 4366 natur
366 4287 410 4368 ari
427 4287 552 4384 glorie
573 4283 678 4380 ipfiur
700 4280 945 4366 consortium,
976 4287 1027 4361 ita
1045 4284 1231 4362 intricatus
1253 4307 1273 4360 e

234 4395 331 4512 illiue
355 4405 496 4498 ferme,
527 4419 569 4484 ut
594 4407 654 4481 vel
675 4425 723 4482 ex
738 4407 908 4502 perplexa
924 4403 1141 4482 irradiemur
1158 4407 1273 4481 ration

237 4539 407 4632 rppereat
432 4526 745 4624 interpretationis
763 4524 914 4608 fufium:
941 4524 988 4605 bc
1010 4527 1105 4606 euim
1124 4527 1239 4602 verba
1258 4546 1273 4599 a

1146 4646 1256 4726 'lata
