2717 5709
124 1000 130 1005 ,
202 886 352 1005 ςοε“
535 901 575 983 S.
625 902 939 983 thrturr

194 1043 359 1153 umutile
375 1064 588 1161 confident,
614 1064 822 1143 constanter
843 1067 910 1141 ait:
942 1070 1124 1141 Menum
1139 1067 1270 1140 uerbum

193 1200 211 1258 ,ι
222 1196 296 1241 uum
307 1172 402 1262 servo
417 1186 482 1244 ruo.
532 1167 717 1261 Numquid
732 1168 887 1263 promilli
905 1165 955 1241 sui
969 1168 1069 1243 Dent
1081 1170 1269 1244 immernor

204 1269 284 1345 esti
316 1270 421 1344 Absit
440 1268 550 1354 istud,
580 1284 624 1343 ut
639 1270 755 1361 aliqua
772 1266 963 1361 subrepere
977 1270 1015 1343 in
1034 1282 1205 1343 eternam
1225 1286 1272 1344 at·
1293 1340 1294 1369 q

194 1392 276 1463 ‚que
286 1368 494 1444 indefellam
507 1370 694 1444 Virtutem
708 1369 938 1443 humanarum
955 1366 1204 1443 infirmitatum
1218 1392 1270 1467 ge·

192 1490 290 1546 -nera
315 1470 519 1544 credantur.
582 1467 652 1543 Sed
676 1468 885 1562 Propheta,
918 1472 978 1561 qui
1004 1468 1180 1563 promissis
1205 1470 1270 1545 Dei

203 1570 376 1661 credidit,
413 1567 673 1663 qui‘desrderio
699 1566 893 1643 coelestium
917 1570 1086 1643 detentus
1104 1566 1181 1661 est,
1217 1574 1270 1661 qui

204 1667 639 1764 contemtupresentium
655 1667 775 1741 futura
791 1665 961 1765 speravit,
988 1688 1063 1743 non
1080 1669 1126 1742 ad
1139 1693 1268 1744 memo

200 1775 292 1847 riam
314 1771 415 1843 verbi
433 1770 485 1843 sui
499 1768 619 1843 Deum
634 1769 825 1859 admonet3
852 1767 912 1842 sed
930 1780 973 1841 ut
987 1771 1096 1843 verbi
1114 1767 1165 1843 sui
1185 1772 1220 1843 in
1240 1770 1269 1845 se

199 1866 399 1947 servosne
423 1868 639 1962 mentuunt,
672 1869 910 1962 deprecetur,
941 1868 1068 1960 idest,
1102 1872 1209 1945 utita
1224 1873 1269 1943 di·

189 1992 294 2071 quus
310 1972 504 2061 habeatur,
529 1969 659 2060 inquo
675 1969 778 2043 Deus
796 1969 903 2043 verbi
917 1968 966 2042 sui
984 1990 1130 2043 memor
1143 1964 1208 2043 else
1219 1973 1267 2043 dl·
1293 2012 1294 2034 ι

127 2154 132 2166 ‚
190 2086 356 2172 ¹¹gnetur,
389 2092 463 2162 quo
487 2068 526 2144 in
548 2070 666 2144 verbo
694 2069 789 2163 spent
812 2069 961 2145 dederit.
1014 2068 1065 2142 Et
1081 2068 1171 2164 spen
1187 2088 1256 2141 non

202 2174 347 2247 inanem
360 2169 431 2244 effe
446 2182 621 2264 oportet,
646 2190 767 2262 neque
780 2170 900 2243 verbis
915 2168 1172 2244 tantummodo
1184 2189 1265 2261 pra·
1293 2242 1294 2253 q

176 2293 181 2301 ’
203 2273 338 2364 diceri,
363 2269 422 2345 sed
440 2273 548 2345 rubor
563 2268 643 2364 ipsus
661 2268 803 2343 doceri:
829 2280 884 2361 ut,
909 2267 1100 2361 siquando
1118 2269 1271 2345 incidant

193 2368 452 2462 infirmitates,
477 2368 768 2467 persecutiones,
794 2366 942 2463 demum·
966 2370 1165 2463 orbitates,
1193 2390 1274 2445 eon·

203 2472 381 2559 tumeliam
418 2471 481 2544 hae
506 2468 687 2564 presentis
717 2466 824 2542 seculi
851 2470 962 2543 minas
985 2489 1028 2543 ac
1051 2468 1274 2567 potestates,

203 2568 266 2667 spe
282 2584 500 2645 eternorum
516 2566 768 2661 promillorum
790 2566 1030 2645 consolemur.

306 2693 340 2745 α.
366 2666 415 2740 Ει
436 2666 578 2741 adhaec
601 2669 744 2761 quidem
766 2669 888 2745 omnia
908 2688 976 2742 nos
992 2667 1185 2744 doeemur:
1214 2670 1277 2745 l'ed

113 2780 118 2787 ·
200 2769 274 2864 jam
292 2769 371 2863 ipfis
392 2767 559 2841 omnibus
581 2766 765 2862 Propheta
783 2766 1078 2862 persentirent,
1116 2768 1278 2847 dicens:

204 2874 283 2944 Hac
308 2891 356 2939 me
379 2867 535 2957 consolata
556 2867 597 2964 est
611 2871 659 2939 ‚t'n
683 2868 871 2942 humililate
900 2890 985 2942 rura:
1019 2872 1091 2968 quio
1109 2868 1276 2969 eloquiun

203 2986 297 3044 mum
312 2971 567 3061 uioficavitmu
617 2967 696 3041 ‘ilat
715 2968 757 3041 ad
772 2964 868 3061 spem
884 2968 1056 3065 refertur,
1081 2988 1198 3062 quarn
1211 2970 1268 3065 spt-

201 3090 284 3168 rare
300 3090 381 3145 eum
400 3068 501 3143 Deus
521 3068 622 3144 fecit
673 3066 974 3144 Consolatavero
991 3068 1144 3145 esteunt
1163 3076 1210 3143 in
1222 3075 1275 3143 hu·

202 3173 364 3244 militare:
406 3166 534 3263 idest,
567 3188 650 3244 cum
672 3172 939 3261 contemnitur,
979 3188 1062 3243 curn
1078 3166 1276 3263 irridetur,

191 3292 286 3349 mum
301 3271 437 3361 injuriis
460 3268 628 3361 vexatur,
655 3288 736 3344 curn
755 3268 982 3343 contumeliis
997 3269 1276 3359 inhonestarum

189 3374 318 3445 ueiens
333 3371 426 3443 hanc
442 3368 505 3441 srbi
518 3368 761 3443 tentationum
777 3368 1000 3461 presentium
1014 3365 1085 3442 elle
1098 3373 1278 3445 militiam.

202 3468 275 3545 Sed
294 3467 329 3541 le
344 3472 440 3542 inter
456 3468 533 3540 hec
553 3464 769 3543 infirmitatis
789 3465 856 3541 sure
874 3468 967 3541 bella
981 3466 1057 3561 sper
1070 3488 1092 3540 a
1105 3469 1277 3547 Domino

201 3566 358 3665 praestita
384 3566 619 3643 consolatur:
656 3566 867 3648 vivificatur
890 3581 1008 3659 autem
1033 3588 1101 3661 per
1125 3572 1292 3663 eloquit

83 3700 89 3717 ·
199 3669 287 3745 Dei.
334 3669 471 3743 Scitin
493 3669 549 3744 lais
575 3670 814 3745 excellentem
839 3666 909 3741 else
924 3670 961 3742 in
980 3670 1076 3741 coelis
1094 3668 1279 3745 humilita-

202 3771 250 3846 tis
275 3767 344 3843 suae
361 3770 530 3867 gloriam:
563 3766 628 3842 scit
645 3770 795 3843 animam
820 3768 974 3861 eloquiis
991 3767 1062 3841 Dei
1075 3769 1279 3846 refectam.

204 3884 385 3959 tamquam
408 3869 576 3960 pabulum
601 3867 747 3959 aliquod
772 3866 859 3943 vitae
878 3870 915 3942 in
938 3865 972 3941 se
990 3882 1136 3943 aterno
1156 3888 1279 3945 cont:-

201 3988 302 4043 nere.
364 3967 455 4041 Non
475 3980 649 4041 movetur
667 3968 705 4056 in
720 3968 872 4061 eloquiis
893 3966 965 4041 Dei
978 3968 1136 4063 vivens,
1185 3975 1279 4045 inari

201 4067 481 4164 superbientium
499 4067 624 4163 gloria.
674 4064 798 4142 Novit
812 4068 908 4145 enim
925 4068 1167 4165 indigentiam
1186 4070 1279 4145 suan

202 4185 333 4245 cotum
354 4164 424 4241 elle
441 4168 627 4261 opulentia
643 4166 823 4241 ditiorem.
879 4167 958 4242 Scit
970 4170 1105 4261 jejunia
1126 4168 1199 4247 sua
1221 4170 1292 4245 on

199 4268 280 4345 lesti
295 4281 404 4359 utque
425 4264 644 4367 Evangelica
665 4265 917 4343 benedictione
934 4266 1098 4344 saturari:
1128 4270 1279 4346 scithe

201 4371 391 4445 militatem
411 4366 506 4445 snam
530 4366 691 4468 glorioso
716 4366 785 4443 elle
809 4368 961 4444 honoris
980 4368 1137 4463 premio
1152 4392 1281 4447 mune

202 4469 361 4543 eandam.
411 4467 538 4564 Atque
554 4468 639 4543 ideo
658 4465 824 4563 subjecitt
859 4468 994 4567 Superbi
1012 4476 1128 4573 inique
1142 4475 1282 4567 qulam

204 4591 443 4671 usquequaque:
475 4573 573 4667 alege
591 4587 699 4643 autera
712 4588 771 4645 tun
785 4572 1034 4647 muniuntur.
1096 4572 1220 4652 Inter
1242 4572 1288 4645 ιι·

1136 4694 1244 4751 tutas
