2717 5709
195 1010 209 1049 x
336 994 339 1000 .

158 1139 222 1203 'cn
484 1112 751 1203 Surtrtnnrn¹
771 1124 921 1205 Cnrrrs

168 1282 376 1385 perunum
393 1285 571 1371 ereditur.
608 1289 716 1364 unice
733 1274 958 1388 propugnet,
996 1290 1081 1368 dum
1102 1292 1230 1371 acriter

168 1406 391 1505 persequitur
401 1405 561 1502 heresin,
587 1428 664 1503 que
678 1430 724 1482 ex
739 1410 928 1485 doloribus
945 1414 1060 1489 cernit
1076 1412 1230 1491 assumto

166 1525 411 1605 infirmitatem
434 1530 503 1602 Dei
527 1526 727 1605 assumentis
753 1528 966 1609 rdstruebat.
1030 1532 1136 1609 Hunc
1153 1558 1230 1612 non

167 1648 274 1725 semel
293 1662 399 1724 notat
416 1650 688 1743 pronuntiatem
706 1648 799 1724 lsriae
814 1653 955 1727 verbis:
1028 1651 1101 1726 Pro
1121 1656 1230 1731 nobie

167 1770 290 1862 dolet,
318 1770 437 1845 &nos
456 1767 730 1845 existimavimus
747 1774 880 1847 eumin
900 1706 1090 1847 dolffrbut
1106 1772 1193 1849 eil'e:
1205 1778 1230 1825 “

166 1892 262 1985 quasi
280 1891 435 1965 diceret:
474 1888 546 1965 Pto
566 1893 673 1965 nobis
694 1890 797 1967 dolet
816 1890 1007 1967 secundum
1026 1906 1188 1971 naturam
1212 1918 1230 1972 a

165 2011 276 2087 nobis
299 2012 336 2086 in
364 2025 530 2104 tempore
556 2007 758 2105 assumtam,
797 2011 831 2085 dt
858 2033 927 2086 nos
953 2009 1230 2113 existimavimur

163 2130 456 2207 eum-secundum
470 2130 654 2226 potiorem
669 2129 906 2228 suinnturrm,
933 2152 1037 2225 quam
1047 2144 1230 2212 ruteteur·

165 2272 259 2349 pora
274 2254 439 2345 obtinet,
463 2251 500 2324 in
519 2249 708 2325 doloribus
731 2250 812 2326 esse.

181 2492 185 2497 ’
266 2490 357 2566 Non
375 2489 470 2564 aliud
492 2489 594 2564 sonrt
615 2490 702 2564 illud
721 2491 762 2565 in'
775 2488 828 2565 Ps.
846 2494 905 2571 68·
924 2490 959 2587 S.
989 2513 1048 2587 23.
1083 2492 1230 2587 „Hunc

167 2615 274 2711 igitur
293 2615 379 2685 itna
401 2607 486 2685 Deo
505 2608 704 2707 percussum
721 2609 896 2704 persecuti
911 2609 1010 2699 sunt,
1043 2609 1146 2706 super
1166 2615 1230 2688 do·

164 2736 280 2811 loreto
299 2732 488 2806 vulnerum
510 2730 676 2805 dolorem
696 2729 955 2824 persecutionis
970 2732 1076 2825 hujus
1097 2734 1229 2808 rdden-

163 2869 232 2930 tes.
282 2852 354 2927 Pro
369 2854 475 2925 nobis
494 2852 588 2927 enim
606 2849 797 2927 secundum
815 2850 1033 2945 Prophetam
1049 2853 1165 2947 dolet,
1192 2854 1227 2929 dr

162 2978 302 3052 idcirco
327 2972 377 3047 est
405 2971 474 3045 eise
498 2973 535 3045 in
560 2972 747 3046 doloribus
770 2968 1005 3047 estimatus.“
1073 2970 1127 3044 Ex
1152 2993 1227 3064 quo

163 3094 358 3173 commode
384 3092 593 3189 intelligitur
612 3091 686 3165 hoc
700 3092 781 3166 Lib.
804 3110 858 3165 to.
882 3092 927 3166 de
940 3092 1074 3169 Trinit.
1092 3099 1124 3186 §.
1145 3100 1226 3183 46.:

163 3218 347 3304 „Fallitur
369 3233 457 3310 ergo
483 3213 643 3286 humrnae
665 3210 904 3289 estimationis
921 3215 1072 3309 opinio,
1096 3228 1228 3308 putans

159 3361 246 3415 eum
267 3337 415 3427 dolere,
443 3333 541 3424 quod
559 3335 706 3426 patitur.
719 3333 747 3374 “
961 3320 981 3369 ⁰

263 3571 459 3649 Illustratur
480 3571 554 3645 hoc
578 3568 744 3644 extract.
773 3568 826 3646 Pi.
849 3581 931 3668 138.
946 3579 980 3666 §-
1000 3598 1031 3668 3.
1058 3573 1120 3644 ubi
1140 3593 1228 3663 pre-

161 3695 264 3774 mitis
291 3696 413 3767 verbis
429 3691 540 3765 lsaiae:
574 3685 837 3782 „Infirmitates
852 3694 990 3768 nostras
1005 3692 1187 3786 portavit:
1198 3693 1227 3734 “

161 3818 326 3914 proxime
345 3813 504 3907 subjicit:
532 3809 617 3904 „Et
632 3832 679 3883 ne
696 3812 780 3902 quid
800 3814 837 3885 in
857 3808 1094 3903 impaffibilem
1116 3823 1226 3901 atque

160 3936 450 4012 indemutabilem
468 3934 690 4006 divinitatem
705 3930 918 4005 infirmitatis
932 3929 1092 4002 incidere
1108 3927 1227 4003 existi·

159 4069 340 4143 moretur,
375 4052 505 4143 adjecit
525 4049 646 4127 lsaitst
683 4049 732 4122 Et
756 4069 825 4122 nos
849 4051 1059 4143 putabamus
1081 4071 1163 4125 eum
1188 4052 1228 4127 in

160 4175 349 4254 doloribus
368 4171 447 4246 eise.
499 4168 660 4264 Suscepit
679 4191 767 4266 ergo
783 4166 1026 4261 infirmitates,
1053 4172 1135 4262 quia
1159 4172 1227 4243 ho·

160 4319 222 4376 mo
238 4292 413 4382 nascitur,
445 4291 645 4387 &putatur
667 4293 813 4381 dolere,
846 4292 927 4380 quia
946 4291 1097 4383 patitur:
1124 4302 1227 4375 caret

160 4437 254 4494 vero
271 4414 458 4488 doloribus
481 4409 573 4506 ipse,
600 4413 680 4502 quir
700 4410 801 4484 Deus
818 4407 878 4482 est.
890 4412 918 4451 “
969 4408 1036 4481 Cui
1054 4411 1145 4483 enim
1161 4409 1228 4482 Hi·

158 4538 266 4611 larius
289 4534 348 4611 hic
372 4553 450 4606 non
479 4532 645 4606 videntur
668 4532 790 4623 priore
811 4529 905 4605 lsaiae
932 4531 1070 4604 verba:
1111 4528 1228 4622 „Pro'

138 4654 446 4730 .·110h1'sdolet:“
471 4652 516 4729 de
530 4649 659 4759 Cirristi
679 4670 787 4727 carne
808 4650 878 4726 dici
897 4649 1122 4745 concedere,
1148 4665 1230 4731 tan·

1027 4788 1176 4866 tumque
