2717 5709
164 1049 242 1139 18⁴
357 995 365 1015 ⁶
494 1036 533 1117 S.
581 1038 895 1119 Hruaurt

168 1202 272 1283 sefflo
291 1212 563 1296 temperantur,
587 1214 630 1273 ut
645 1198 739 1275 stt&
759 1200 796 1277 in
812 1200 1043 1296 responsione
1064 1202 1237 1295 officium,

170 1302 209 1379 ἀ
224 1306 260 1375 in
275 1302 564 1396 interrogatione
578 1303 754 1397 cognitio.
803 1301 874 1379 Sed
886 1303 1155 1397 exspediandum
1169 1308 1237 1403 est,

171 1399 680 1495 quitandemsrtresponstonia
693 1402 795 1495 hujus
806 1402 1002 1496 professus,
1027 1404 1238 1496 quodcun-

170 1500 499 1591 stusfiliuaDeiest‚
525 1522 655 1595 nempe
665 1503 765 1593 quod
775 1500 932 1596 sequitur
944 1502 987 1577 ad
997 1504 1048 1597 id,
1073 1526 1095 1596 q
1122 1506 1238 1580 oddi-

173 1602 268 1679 etum
287 1600 355 1675 est:
379 1600 442 1673 Tu
453 1598 588 1676 dixisti:
614 1603 753 1677 Verum
767 1602 852 1676 dico
867 1604 997 1696 vobis,
1022 1526 1169 1679 amzdo
1185 1611 1241 1680 vi·

173 1702 305 1779 debitis
325 1698 435 1775 filium
449 1700 604 1775 hominio
615 1698 796 1775 sedentem
811 1703 977 1777 adextris
992 1706 1137 1779 virtutis
1151 1705 1237 1799 Dei,

173 1800 211 1877 dt
235 1804 442 1879 venientem
473 1801 512 1877 in
535 1802 691 1877 nubibus
717 1802 808 1877 coeii.
870 1806 943 1902 Qui
969 1801 1063 1877 filius
1082 1804 1241 1881 nominis

173 1900 242 1989 est,
266 1903 359 1975 idem
375 1896 517 1973 &filius
538 1900 609 1973 Dei
624 1898 695 1974 est:
718 1916 844 1977 natura
861 1903 1110 2000 generositatis
1127 1907 1165 1978 in
1178 1905 1244 1982 filii

171 2002 332 2083 hominis
354 1998 565 2074 assumtione
586 2020 663 2077 non
686 2000 827 2097 deperit
895 2002 990 2078 Nam
1007 2024 1086 2079 non
1100 2005 1243 2089 idcirco

171 2122 253 2179 non
271 2100 341 2177 Dei
360 2096 470 2193 filius,
495 2098 625 2193 quia&
644 2100 800 2175 hominis
821 2058 988 2178 diutim.
1039 2104 1130 2179 Non
1146 2108 1243 2183 enim

174 2222 258 2277 eum
273 2200 471 2273 divinitatis
486 2200 687 2277 decessione
701 2197 744 2275 fit
756 2203 963 2277 humilitatis
979 2202 1145 2279 accessio:
1171 2227 1245 2281 nec

108 2355 113 2367 ‚
174 2322 244 2399 per
264 2299 487 2377 consortium
505 2296 720 2376 infirmitatis
737 2304 992 2377 contumeliam
1008 2307 1123 2379 virtus
1136 2324 1244 2379 exce-

203 2404 252 2490 it;
280 2402 412 2495 quippe
428 2421 509 2473 cum
526 2398 711 2475 infirmitas
725 2403 869 2477 honore
879 2403 921 2478 fit
935 2403 1071 2479 donata
1081 2404 1241 2481 virtutis.

144 2564 147 2569 .
219 2524 274 2575 am
292 2502 447 2575 hominis
463 2497 731 2577 fiiiusadextria
746 2502 817 2576 Dei
834 2502 968 2597 assidet,
993 2504 1146 2581 veniens
1161 2524 1245 2581 cum

176 2602 258 2675 ooeli
275 2604 428 2677 nubibus
444 2602 685 2675 contuendus.
775 2624 824 2676 uo
840 2600 935 2677 disto
952 2606 1144 2695 prophetia
1156 2625 1247 2679 con·

176 2700 370 2777 summetur
392 2702 476 2792 illa,
512 2721 589 2792 quae
613 2702 720 2773 dixit:
795 2702 862 2775 ixit
884 2701 1062 2775 Dominus
1078 2702 1245 2779 Domino

175 2822 278 2892 meo,
307 2800 387 2874 sede
403 2801 677 2891 adextrismeis‚
704 2801 824 2875 donec
836 2822 968 2896 ponam
980 2801 1145 2875 inimicos
1158 2817 1247 2878 tuoe

175 2899 368 2979 scabeilum
392 2901 523 2994 pedum
544 2916 702 2975 tuorum.

281 3008 338 3077 26.
366 3001 438 3073 Hie
465 3021 553 3096 ergo
575 3022 639 3074 rex
663 3001 767 3093 super
792 2998 879 3074 Sion
900 3011 1063 3075 montem
1089 2999 1244 3077 sanetum

175 3098 251 3178 Dei
277 3100 493 3174 constitutus
517 3100 567 3173 est
593 3115 810 3193 praeceptum
839 3098 985 3173 Domini
1011 3104 1246 3175 annuntians:

177 3222 257 3280 non
284 3201 386 3295 super
416 3202 514 3273 isium
546 3204 671 3293 titique
697 3202 844 3294 perdite
873 3199 1029 3273 civitatis
1060 3216 1248 3293 montem,

177 3304 415 3394 comploratae
439 3301 575 3377 scilicet
597 3300 629 3373 dt
651 3300 839 3375 homicidae
857 3300 1089 3392 &parricide
1108 3299 1246 3394 Jerusa-

176 3402 267 3482 lem:
295 3400 354 3475 sed
371 3401 562 3495 Jerusalem
584 3404 680 3493 ejus,
708 3422 786 3492 quae
803 3402 839 3472 in
862 3402 960 3473 coelis
980 3398 1050 3493 est,
1077 3422 1153 3490 que
1174 3422 1247 3475 ma·

176 3512 236 3573 ter
257 3500 307 3573 est
322 3500 461 3593 nostra,
488 3522 565 3591 quae
580 3502 709 3575 civitas
730 3502 822 3597 regis
840 3503 956 3597 magni
974 3499 1038 3590 est,
1065 3502 1178 3592 cujus,
1204 3515 1247 3571 ut

176 3599 363 3693 existimo,
397 3600 579 3691 hodieque
602 3603 731 3677 incoiae
755 3599 892 3673 suntin
919 3601 1075 3695 passione
1096 3598 1245 3671 Domini

174 3699 426 3795 resurgentes..
467 3698 538 3776 Dei
561 3699 680 3792 itaque
702 3716 922 3797 praeceptum
945 3700 1005 3772 hic
1028 3722 1092 3771 rex
1115 3698 1245 3771 consti·

176 3813 279 3872 tutus
295 3802 498 3873 annuntiat:
524 3814 566 3872 ut
583 3817 777 3878 venturum
794 3822 875 3874 eum
896 3820 976 3870 cum
994 3801 1070 3869 cmii
1089 3802 1246 3873 nubibus

148 3900 433 3992 meminissent,
470 3900 638 3973 adversus
670 3923 775 3992 quem
799 3899 994 3971 fremerent
1019 3898 1052 3968 dr
1073 3901 1248 3971 conveni·

176 4012 274 4077 rent,
300 4014 341 4070 ut
360 4020 422 4090 per
440 4001 687 4092 cognitionem
708 3999 822 4072 divini
839 3997 1015 4068 adventus
1037 4000 1247 4076 conturbari

177 4096 281 4189 super
309 4098 531 4171 contumelia
555 4096 662 4172 iiiusae
689 4098 896 4172 humilitatis
922 4116 1112 4190 corporeae
1135 4101 1248 4192 puni·

176 4209 312 4270 terent.

279 4318 336 4387 27.
362 4292 484 4367 Tenet
501 4308 619 4368 autern
641 4295 804 4370 ordinem
820 4294 1019 4388 prophetie
1037 4298 1247 4390 evangelica

174 4394 349 4471 domina.
404 4393 496 4468 Nam
521 4397 557 4466 in
584 4416 631 4466 eo
646 4394 722 4486 ipso
742 4394 822 4471 diui
844 4399 1031 4489 utriusque
1045 4400 1138 4469 ratio
1158 4418 1247 4467 con-

176 4496 336 4586 tinetur,
362 4496 465 4589 hujus
486 4493 622 4568 scilicet
637 4495 737 4571 dieti:
767 4500 831 4590 Ego
847 4498 1035 4594 contitutus
1053 4496 1122 4582 sum
1142 4520 1193 4563 rex
1207 4499 1247 4565 ai

172 4620 206 4665 eo
214 4596 309 4690 super
322 4599 401 4669 Sion
419 4613 556 4666 montem
566 4594 716 4684 stantium
730 4603 814 4696 ejus,
846 4603 1049 4670 emruarriam
1060 4613 1246 4692 preceptum

159 4700 245 4789 esim
301 4700 471 4775 Dominus
490 4698 577 4775 dixit
595 4698 635 4775 ad
649 4724 715 4777 ut:
743 4700 850 4777 Filias
864 4723 946 4775 meus
964 4714 1067 4787 estu,
1092 4722 1139 4789 ego
1155 4701 1247 4777 hodie

1107 4825 1200 4896 emar
