2717 5709
324 1180 369 1263 8
1006 1172 1079 1254 S.
1176 1176 1818 1261 Himanrr'

532 1362 609 1433 4.
660 1336 1142 1439 Recognosce
1172 1337 1432 1435 fidem,
1485 1362 1696 1435 quam
1727 1342 1902 1419 olim
1937 1344 2216 1439 optime
2249 1362 2336 1417 ac
2349 1351 2468 1419 rc:

322 1440 749 1539 ligioliffime
791 1438 1197 1533 Imperator
1246 1442 1335 1517 ab
1383 1442 1738 1538 episcopis
1783 1458 1994 1537 optas
2034 1443 2324 1538 audire,
2395 1442 2476 1519 &-

326 1563 487 1619 non
536 1540 757 1616 audis.
856 1538 1057 1617 Dum
1098 1542 1331 1635 enim,
1385 1564 1424 1615 a
1465 1544 1722 1635 quibus
1757 1562 1840 1619 ea
1867 1544 2300 1637 requiritur,
2347 1541 2474 1617 sue

325 1640 695 1734 scribunt,
756 1636 827 1713 ἀ
855 1660 1052 1734 non,
1106 1662 1263 1733 quae
1302 1640 1442 1716 Dei
1478 1639 1682 1733 sunt,
1729 1642 2161 1737 praedicant3
2213 1644 2474 1719 orbem

330 1756 681 1819 eternum
718 1740 987 1813 erroris
1020 1740 1088 1814 δι
1122 1742 1491 1817 redeuntis
1529 1746 1604 1817 in
1637 1743 1707 1817 se
1746 1741 2022 1838 semper
2059 1742 2470 1819 certaminis

332 1842 957 1917 circumtulerunt.
1062 1838 1520 1935 Oportuerat
1553 1843 1774 1934 enim,
1826 1843 2152 1919 humanae
2179 1839 2474 1917 infirmi-

328 1941 505 2016 tatis
534 1937 911 2022 modestia,
962 1960 1182 2015 omne
1214 1961 1309 2015 co
1362 1942 1660 2016 nitionis
1679 1942 1941 2017 divinae
1961 1942 2478 2017 sacramentum

330 2041 473 2117 illis
516 2053 795 2113 tantum
824 2038 1283 2115 conscientiae
1334 2060 1440 2114 uae
1475 2038 1736 2117 finibus
1769 2043 2161 2134 contineri,
2215 2042 2478 2133 quibus

336 2138 670 2227 credidit,
722 2158 960 2233 neque
982 2138 1149 2235 post
1168 2138 1554 2217 confess'am
1591 2141 1658 2216 δι
1683 2142 1990 2245 juratam
2015 2142 2088 2216 in
2107 2143 2478 2235 baptismo

332 2238 559 2319 fidem
602 2246 677 2309 in
720 2248 973 2313 nomine
1032 2243 1291 2323 Patris,
1367 2240 1447 2319 θ’
1501 2243 1706 2329 mii,
1781 2241 1860 2319 θ
1899 2244 2192 2338 Spiritus
2211 2241 2479 2331 fausti,

336 2341 725 2435 quidquam
776 2340 965 2416 aliud
1022 2342 1143 2415 vel
1194 2344 1596 2441 ambigere,
1665 2342 1792 2417 vel
1837 2342 2221 2417 innovare.
2333 2338 2480 2413 Sed

337 2442 815 2535 quorumdam
847 2456 971 2514 aut
1022 2438 1478 2536 praesumtio,
1530 2454 1655 2518 aut
1687 2442 2030 2525 facilitas,
2079 2454 2202 2515 aut
2239 2457 2478 2531 error,

338 2540 759 2637 apostalicae
824 2538 1167 2617 doetrinae
1231 2541 1820 2618 indemutabilem
1884 2538 2481 2616 constitutionem

332 2641 603 2739 partim
624 2639 1113 2715 fraudulenter
1133 2642 1448 2717 confess'a
1471 2641 1600 2737 est,
1633 2644 1888 2738 partim
1909 2640 2236 2717 audacter
2256 2636 2484 2735 egres-

334 2740 453 2818 sa:
520 2741 687 2815 dum
738 2742 810 2815 in
863 2740 1307 2819 confeffione
1352 2740 1620 2833 Patris,
1691 2742 1760 2816 δι
1809 2742 2012 2836 Filii,
2080 2739 2486 2835 &Spiritus

336 2838 555 2917 sensti
594 2842 975 2915 veritatem
1014 2843 1355 2917 naturalis
1390 2838 1928 2939 significationis
1962 2841 2228 2935 eludit,
2279 2861 2374 2912 ne
2406 2838 2482 2910 id

338 2952 671 3019 maneret
705 2943 773 3015 in
810 2939 1049 3035 sensu,
1103 2943 1299 3034 quod
1329 2944 1400 3017 in
1437 2943 2006 3039 regenerationis
2037 2942 2483 3014 sacramento

339 3040 449 3117 est
492 3040 1012 3118 confitendum.
1120 3042 1241 3117 Ob
1272 3044 1419 3118 hoc
1453 3066 1674 3137 penes
1709 3041 2179 3135 quorumdam
2209 3036 2484 3111 consci-

340 3144 610 3217 entiam
656 3163 791 3215 noc
824 3142 1034 3215 Pater
1072 3156 1321 3239 pater,
1377 3165 1514 3217 nec
1554 3142 1775 3219 Filius
1805 3139 2039 3232 filius,
2090 3159 2230 3213 nec
2271 3135 2489 3230 Spiri-

340 3254 467 3317 tus
498 3240 768 3315 sanstus
801 3241 1081 3335 spiritus
1123 3241 1392 3317 sanstus
1422 3241 1545 3316 est.
1647 3241 1798 3317 Sub
1827 3244 2028 3334 cujus
2058 3237 2486 3313 necessitatis

340 3350 711 3433 tamquam
774 3342 1228 3436 improbabili
1290 3342 1705 3422 occasione,
1773 3340 2204 3433 scribendae,
2273 3352 2492 3428 atque

338 3440 789 3518 innovandae
828 3439 995 3517 fidei
1033 3444 1293 3519 exinde
1318 3443 1476 3519 usus
1498 3442 1835 3519 inolevit.
1939 3440 2087 3540 Qui
2115 3436 2494 3535 postquam

340 3560 550 3619 nova
585 3542 832 3636 potius
876 3546 1069 3636 cepit
1100 3544 1467 3638 condere,
1544 3564 1754 3635 quam
1797 3555 2098 3636 accepta
2132 3541 2490 3625 retinere3

340 3661 487 3721 nec
526 3656 857 3716 veterata
893 3642 1258 3735 defendit,
1311 3665 1448 3717 nec
1481 3646 1834 3717 innovata
1867 3637 2223 3715 firmavitt
2289 3636 2354 3709 ἀ
2393 3636 2494 3707 fa-

346 3738 459 3817 sta
498 3738 601 3815 est
630 3738 807 3816 fides
838 3759 1245 3835 temporum
1280 3745 1569 3837 potius,
1639 3764 1850 3833 quam
1879 3740 2440 3835 Evangeliorum
2461 3785 2494 3823 ,

344 3840 517 3917 dum
568 3840 636 3915 &
689 3839 1077 3918 fecundum
1128 3866 1359 3918 annos
1413 3843 1836 3919 describitur
1867 3895 1893 3934 ,
1979 3840 2048 3913 ἁ
2105 3833 2494 3911 secundum

346 3940 867 4017 confeffionem
891 3946 1223 4039 baptismi
1253 3968 1408 4020 non
1433 3960 1748 4019 tenetur.
1849 3933 2330 4014 Periculosum
2360 3952 2498 4005 no-

345 4040 461 4115 bis
501 4044 929 4137 admodum,
1000 4059 1216 4138 atque
1252 4047 1469 4118 etiam
1501 4042 1893 4119 miserabile
1932 4036 2074 4130 est,
2136 4049 2258 4108 tot
2297 4054 2500 4107 nunc

344 4136 533 4217 fides
576 4142 933 4235 exsistere,
989 4159 1173 4235 quot
1220 4147 1685 4229 voluntates;
1745 4140 1813 4213 δι
1843 4156 1961 4212 tot
1991 4136 2206 4211 nobis
2233 4134 2504 4207 doetri-

342 4260 477 4317 nas
532 4237 714 4332 ess‘e,
778 4260 966 4333 quot
1004 4262 1293 4331 mores,
1361 4243 1431 4315 &
1465 4234 1858 4315 tot'causas
1896 4236 2502 4330 blasphemiarum

269 4368 279 4377 -
344 4340 750 4437 pullulare,
804 4353 990 4431 quot
1021 4343 1199 4415 vitia
1236 4340 1434 4416 sunt:
1488 4344 1653 4415 dum
1690 4358 1814 4415 aut
1845 4343 1944 4415 ita
1971 4336 2154 4413 fides
2191 4336 2503 4410 scribun-

346 4454 519 4523 tur,
554 4454 669 4511 .ut
712 4442 1095 4525 volumus,
1162 4461 1284 4517 aut
1322 4444 1471 4534 ita,
1537 4457 1620 4514 ut
1655 4444 2034 4527 nolumus,
2089 4438 2502 4529 intelligun-

342 4556 493 4616 tur.
596 4539 694 4611 Et
750 4561 913 4615 cum
958 4542 1343 4618 secundum
1373 4563 1592 4616 unum
1627 4540 1910 4631 Deum,
1983 4540 2052 4613 δι
2089 4558 2310 4609 unum
2341 4534 2504 4603 Do-

347 4642 667 4733 minum,
736 4640 803 4712 fic
838 4663 1061 4717 unum
1097 4644 1494 4739 baptisma,
1549 4644 1762 4717 etiam
1805 4640 1984 4715 fides
2015 4658 2158 4709 una
2191 4634 2328 4745 fit3
2376 4653 2504 4705 ex-

344 4741 669 4815 cedimus
702 4744 790 4815 ab
824 4765 907 4817 ea
946 4742 1115 4837 fide,
1174 4764 1327 4837 quae
1366 4742 1512 4815 sola
1535 4740 1674 4819 est:
1723 4742 1794 4821 ἀ
1819 4740 1988 4819 dum
2013 4738 2260 4834 plures
2287 4738 2504 4828 hunt,

298 4839 525 4913 adid
555 4862 921 4935 ceperum
954 4843 1143 4945 effe,
1200 4866 1295 4923 ne
1340 4846 1486 4921 ulla
1513 4843 1618 4923 sit.
2212 4934 2390 5011 Con

1411 4996 1416 5001 .
2093 4960 2168 5036 5„
2387 4978 2414 4995 -
