<?xml version="1.0" encoding="UTF-8"?>
<!DOCTYPE html PUBLIC "-//W3C//DTD XHTML 1.0 Transitional//EN"
    "http://www.w3.org/TR/xhtml1/DTD/xhtml1-transitional.dtd">
<html xmlns="http://www.w3.org/1999/xhtml" xml:lang="en" lang="en">
 <head>
  <title>
</title>
<meta http-equiv="Content-Type" content="text/html;charset=utf-8" />
  <meta name='ocr-system' content='tesseract 3.04.00' />
  <meta name='ocr-capabilities' content='ocr_page ocr_carea ocr_par ocr_line ocrx_word'/>
</head>
<body>
  <div class='ocr_page' id='page_1' title='image "./operaomniasanct02librgoog_0647.png"; bbox 0 0 2717 5709; ppageno 0'>
   <div class='ocr_carea' id='block_1_1' title="bbox 100 863 1139 982">
    <p class='ocr_par' dir='ltr' id='par_1_1' title="bbox 100 863 1139 982">
     <span class='ocr_line' id='line_1_1' title="bbox 100 863 1139 982; baseline -0.009 -14"><span class='ocrx_word' id='word_1_1' title='bbox 100 877 102 886; x_wconf 68' lang='grc'><em>’</em></span> <span class='ocrx_word' id='word_1_2' title='bbox 180 886 531 968; x_wconf 73' lang='lat' dir='ltr'><strong>Tractaruuru</strong></span> <span class='ocrx_word' id='word_1_3' title='bbox 556 863 1019 982; x_wconf 71' lang='lat' dir='ltr'><strong>XCV111.Psar.rtuu.</strong></span> <span class='ocrx_word' id='word_1_4' title='bbox 1068 898 1139 982; x_wconf 76' lang='lat'><strong>&#39;545</strong></span> 
     </span>
    </p>
   </div>
   <div class='ocr_carea' id='block_1_2' title="bbox 94 1040 1143 1151">
    <p class='ocr_par' dir='ltr' id='par_1_2' title="bbox 94 1040 1143 1151">
     <span class='ocr_line' id='line_1_2' title="bbox 94 1040 1143 1151; baseline -0.005 -23"><span class='ocrx_word' id='word_1_5' title='bbox 94 1062 159 1147; x_wconf 86' lang='lat' dir='ltr'><strong>que¹</strong></span> <span class='ocrx_word' id='word_1_6' title='bbox 175 1049 401 1145; x_wconf 90' lang='lat' dir='ltr'><strong>populorum.</strong></span> <span class='ocrx_word' id='word_1_7' title='bbox 449 1040 502 1120; x_wconf 85' lang='lat' dir='ltr'><strong>Et</strong></span> <span class='ocrx_word' id='word_1_8' title='bbox 517 1056 647 1151; x_wconf 66' lang='lat' dir='ltr'><strong>nunc,[</strong></span> <span class='ocrx_word' id='word_1_9' title='bbox 662 1062 744 1120; x_wconf 89' lang='lat' dir='ltr'><strong>cum</strong></span> <span class='ocrx_word' id='word_1_10' title='bbox 761 1044 837 1120; x_wconf 81' lang='lat' dir='ltr'><strong>hec</strong></span> <span class='ocrx_word' id='word_1_11' title='bbox 855 1046 979 1121; x_wconf 85' lang='lat' dir='ltr'><strong>eadem</strong></span> <span class='ocrx_word' id='word_1_12' title='bbox 995 1066 1143 1145; x_wconf 85' lang='lat' dir='ltr'><strong>genera·</strong></span> 
     </span>
    </p>
   </div>
   <div class='ocr_carea' id='block_1_3' title="bbox 92 1133 1283 1247">
    <p class='ocr_par' dir='ltr' id='par_1_3' title="bbox 92 1133 1283 1247">
     <span class='ocr_line' id='line_1_3' title="bbox 92 1133 1283 1247; baseline -0.009 -20"><span class='ocrx_word' id='word_1_13' title='bbox 92 1156 143 1227; x_wconf 88' lang='lat' dir='ltr'><strong>tio</strong></span> <span class='ocrx_word' id='word_1_14' title='bbox 166 1152 302 1247; x_wconf 78' lang='lat' dir='ltr'><strong>indigna</strong></span> <span class='ocrx_word' id='word_1_15' title='bbox 326 1146 469 1239; x_wconf 84' lang='lat' dir='ltr'><strong>extitit,</strong></span> <span class='ocrx_word' id='word_1_16' title='bbox 499 1148 536 1219; x_wconf 88' lang='lat' dir='ltr'><strong>in</strong></span> <span class='ocrx_word' id='word_1_17' title='bbox 559 1166 628 1238; x_wconf 86' lang='lat' dir='ltr'><strong>qua</strong></span> <span class='ocrx_word' id='word_1_18' title='bbox 658 1148 791 1217; x_wconf 80' lang='lat' dir='ltr'><strong>veritae</strong></span> <span class='ocrx_word' id='word_1_19' title='bbox 818 1148 881 1219; x_wconf 86' lang='lat' dir='ltr'><strong>llei</strong></span> <span class='ocrx_word' id='word_1_20' title='bbox 908 1145 1013 1236; x_wconf 61' lang='lat' dir='ltr'><strong>effen</strong></span> <span class='ocrx_word' id='word_1_21' title='bbox 1047 1146 1141 1222; x_wconf 85' lang='lat' dir='ltr'><strong>hanc</strong></span> <span class='ocrx_word' id='word_1_22' title='bbox 1199 1174 1205 1184; x_wconf 86' lang='lat'><strong>·</strong></span> <span class='ocrx_word' id='word_1_23' title='bbox 1281 1133 1283 1142; x_wconf 48' lang='lat'><strong><em>⁴</em></strong></span> 
     </span>
    </p>
   </div>
   <div class='ocr_carea' id='block_1_4' title="bbox 80 1242 1229 2334">
    <p class='ocr_par' dir='ltr' id='par_1_4' title="bbox 90 1242 1229 1443">
     <span class='ocr_line' id='line_1_4' title="bbox 92 1242 1229 1345; baseline -0.004 -17"><span class='ocrx_word' id='word_1_24' title='bbox 92 1250 239 1328; x_wconf 90' lang='lat' dir='ltr'><strong>eamdem</strong></span> <span class='ocrx_word' id='word_1_25' title='bbox 256 1247 546 1338; x_wconf 81' lang='lat' dir='ltr'><strong>Delveritatem,</strong></span> <span class='ocrx_word' id='word_1_26' title='bbox 571 1258 813 1341; x_wconf 72' lang='lat' dir='ltr'><strong>preteream,</strong></span> <span class='ocrx_word' id='word_1_27' title='bbox 841 1249 919 1339; x_wconf 79' lang='lat' dir='ltr'><strong>q‘uae</strong></span> <span class='ocrx_word' id='word_1_28' title='bbox 933 1242 1140 1345; x_wconf 80' lang='lat' dir='ltr'><strong>Evangeliie</strong></span> <span class='ocrx_word' id='word_1_29' title='bbox 1225 1281 1229 1293; x_wconf 59' lang='lat'><strong><em>¹</em></strong></span> 
     </span>
     <span class='ocr_line' id='line_1_5' title="bbox 90 1345 866 1443; baseline -0.01 -16"><span class='ocrx_word' id='word_1_30' title='bbox 90 1350 250 1443; x_wconf 86' lang='lat' dir='ltr'><strong>credidit,</strong></span> <span class='ocrx_word' id='word_1_31' title='bbox 275 1364 353 1420; x_wconf 91' lang='lat' dir='ltr'><strong>non</strong></span> <span class='ocrx_word' id='word_1_32' title='bbox 372 1346 480 1419; x_wconf 90' lang='lat' dir='ltr'><strong>habet</strong></span> <span class='ocrx_word' id='word_1_33' title='bbox 495 1346 561 1419; x_wconf 87' lang='lat' dir='ltr'><strong>alia</strong></span> <span class='ocrx_word' id='word_1_34' title='bbox 577 1345 649 1418; x_wconf 90' lang='lat' dir='ltr'><strong>ulla</strong></span> <span class='ocrx_word' id='word_1_35' title='bbox 667 1346 866 1441; x_wconf 81' lang='lat' dir='ltr'><strong>generatio.</strong></span> 
     </span>
    </p>

    <p class='ocr_par' dir='ltr' id='par_1_5' title="bbox 80 1438 1214 2334">
     <span class='ocr_line' id='line_1_6' title="bbox 183 1438 1153 1544; baseline -0.002 -24"><span class='ocrx_word' id='word_1_36' title='bbox 183 1470 213 1544; x_wconf 82' lang='lat' dir='ltr'><strong>p.</strong></span> <span class='ocrx_word' id='word_1_37' title='bbox 239 1446 541 1538; x_wconf 85' lang='lat' dir='ltr'><strong>Sequitur-vero:</strong></span> <span class='ocrx_word' id='word_1_38' title='bbox 576 1444 730 1541; x_wconf 61' lang='lat' dir='ltr'><strong>nadalia·</strong></span> <span class='ocrx_word' id='word_1_39' title='bbox 748 1463 886 1538; x_wconf 77' lang='lat' dir='ltr'><strong>terram,</strong></span> <span class='ocrx_word' id='word_1_40' title='bbox 919 1438 960 1523; x_wconf 68' lang='grc' dir='ltr'><em>θ</em></span> <span class='ocrx_word' id='word_1_41' title='bbox 978 1440 1153 1544; x_wconf 73' lang='lat' dir='ltr'><strong>perinane·-</strong></span> 
     </span>
     <span class='ocr_line' id='line_1_7' title="bbox 90 1542 1214 1636; baseline -0.011 -12"><span class='ocrx_word' id='word_1_42' title='bbox 90 1554 146 1625; x_wconf 83' lang='lat' dir='ltr'><strong>lit.</strong></span> <span class='ocrx_word' id='word_1_43' title='bbox 193 1547 425 1621; x_wconf 78' lang='lat' dir='ltr'>Convenerat</span> <span class='ocrx_word' id='word_1_44' title='bbox 438 1544 571 1636; x_wconf 86' lang='lat' dir='ltr'><strong>ordini,</strong></span> <span class='ocrx_word' id='word_1_45' title='bbox 597 1557 639 1616; x_wconf 92' lang='lat' dir='ltr'><strong>ut</strong></span> <span class='ocrx_word' id='word_1_46' title='bbox 654 1542 735 1636; x_wconf 87' lang='lat' dir='ltr'><strong>post</strong></span> <span class='ocrx_word' id='word_1_47' title='bbox 753 1546 880 1619; x_wconf 88' lang='lat' dir='ltr'><strong>coelum</strong></span> <span class='ocrx_word' id='word_1_48' title='bbox 897 1543 1028 1619; x_wconf 85' lang='lat' dir='ltr'><strong>dehinc</strong></span> <span class='ocrx_word' id='word_1_49' title='bbox 1043 1561 1142 1622; x_wconf 80' lang='lat' dir='ltr'><strong>tetra</strong></span> <span class='ocrx_word' id='word_1_50' title='bbox 1210 1601 1214 1612; x_wconf 91' lang='grc'>,</span> 
     </span>
     <span class='ocr_line' id='line_1_8' title="bbox 85 1635 1140 1741; baseline -0.005 -19"><span class='ocrx_word' id='word_1_51' title='bbox 85 1660 363 1741; x_wconf 78' lang='lat' dir='ltr'><strong>nuncuparetur:</strong></span> <span class='ocrx_word' id='word_1_52' title='bbox 401 1640 460 1719; x_wconf 90' lang='lat' dir='ltr'><strong>sed</strong></span> <span class='ocrx_word' id='word_1_53' title='bbox 482 1635 586 1727; x_wconf 80' lang='lat' dir='ltr'><strong>ho&#39;c„</strong></span> <span class='ocrx_word' id='word_1_54' title='bbox 614 1642 713 1737; x_wconf 84' lang='lat' dir='ltr'><strong>quod</strong></span> <span class='ocrx_word' id='word_1_55' title='bbox 735 1646 888 1719; x_wconf 89' lang='lat' dir='ltr'><strong>medium</strong></span> <span class='ocrx_word' id='word_1_56' title='bbox 907 1642 979 1739; x_wconf 90' lang='lat' dir='ltr'><strong>est,</strong></span> <span class='ocrx_word' id='word_1_57' title='bbox 1015 1646 1052 1718; x_wconf 90' lang='lat' dir='ltr'><strong>id</strong></span> <span class='ocrx_word' id='word_1_58' title='bbox 1068 1644 1140 1741; x_wconf 84' lang='lat' dir='ltr'><strong>est,&#39;</strong></span> 
     </span>
     <span class='ocr_line' id='line_1_9' title="bbox 86 1744 1142 1843; baseline -0.002 -22"><span class='ocrx_word' id='word_1_59' title='bbox 86 1756 126 1821; x_wconf 83' lang='lat' dir='ltr'><strong>in</strong></span> <span class='ocrx_word' id='word_1_60' title='bbox 137 1753 329 1843; x_wconf 79' lang='lat' dir='ltr'><strong>generatione</strong></span> <span class='ocrx_word' id='word_1_61' title='bbox 344 1751 383 1821; x_wconf 75' lang='grc' dir='ltr'>σ</span> <span class='ocrx_word' id='word_1_62' title='bbox 394 1750 597 1837; x_wconf 73' lang='lat' dir='ltr'><em>generatione</em></span> <span class='ocrx_word' id='word_1_63' title='bbox 611 1750 737 1815; x_wconf 77' lang='lat' dir='ltr'><strong>veritas</strong></span> <span class='ocrx_word' id='word_1_64' title='bbox 749 1762 816 1831; x_wconf 80' lang='lat' dir='ltr'><strong>aaa,</strong></span> <span class='ocrx_word' id='word_1_65' title='bbox 841 1744 892 1817; x_wconf 92' lang='lat' dir='ltr'><strong>ob</strong></span> <span class='ocrx_word' id='word_1_66' title='bbox 906 1764 984 1819; x_wconf 82' lang='lat' dir='ltr'><strong>eam</strong></span> <span class='ocrx_word' id='word_1_67' title='bbox 1002 1744 1142 1820; x_wconf 82' lang='lat' dir='ltr'><strong>causam</strong></span> 
     </span>
     <span class='ocr_line' id='line_1_10' title="bbox 84 1842 1142 1938; baseline -0.005 -14"><span class='ocrx_word' id='word_1_68' title='bbox 84 1844 309 1924; x_wconf 80' lang='lat' dir='ltr'><strong>intervenisse</strong></span> <span class='ocrx_word' id='word_1_69' title='bbox 325 1842 502 1936; x_wconf 82' lang='lat' dir='ltr'><strong>existimo,</strong></span> <span class='ocrx_word' id='word_1_70' title='bbox 529 1856 570 1916; x_wconf 90' lang='lat' dir='ltr'><strong>ut</strong></span> <span class='ocrx_word' id='word_1_71' title='bbox 588 1843 719 1938; x_wconf 81' lang='lat' dir='ltr'><strong>duplex</strong></span> <span class='ocrx_word' id='word_1_72' title='bbox 739 1842 798 1916; x_wconf 89' lang='lat' dir='ltr'><strong>illa</strong></span> <span class='ocrx_word' id='word_1_73' title='bbox 816 1844 861 1918; x_wconf 88' lang='lat' dir='ltr'><strong>de</strong></span> <span class='ocrx_word' id='word_1_74' title='bbox 879 1844 987 1937; x_wconf 88' lang='lat' dir='ltr'><strong>coelo,</strong></span> <span class='ocrx_word' id='word_1_75' title='bbox 1012 1846 1051 1918; x_wconf 91' lang='lat' dir='ltr'><strong>in</strong></span> <span class='ocrx_word' id='word_1_76' title='bbox 1065 1864 1142 1937; x_wconf 89' lang='lat' dir='ltr'><strong>quo</strong></span> 
     </span>
     <span class='ocr_line' id='line_1_11' title="bbox 82 1940 1142 2039; baseline -0.006 -16"><span class='ocrx_word' id='word_1_77' title='bbox 82 1949 242 2023; x_wconf 90' lang='lat' dir='ltr'><strong>Verbum</strong></span> <span class='ocrx_word' id='word_1_78' title='bbox 254 1944 457 2037; x_wconf 88' lang='lat' dir='ltr'><strong>lleimanet,</strong></span> <span class='ocrx_word' id='word_1_79' title='bbox 475 1942 708 2039; x_wconf 85' lang='lat' dir='ltr'><strong>intelligentia</strong></span> <span class='ocrx_word' id='word_1_80' title='bbox 717 1940 1003 2018; x_wconf 84' lang='lat' dir='ltr'><strong>confirmaretur.</strong></span> <span class='ocrx_word' id='word_1_81' title='bbox 1029 1942 1142 2019; x_wconf 82' lang='lat' dir='ltr'><strong>Nune</strong></span> 
     </span>
     <span class='ocr_line' id='line_1_12' title="bbox 81 2039 1142 2143; baseline -0.006 -20"><span class='ocrx_word' id='word_1_82' title='bbox 81 2068 172 2143; x_wconf 82' lang='lat' dir='ltr'><strong>ergo</strong></span> <span class='ocrx_word' id='word_1_83' title='bbox 195 2060 370 2137; x_wconf 79' lang='lat' dir='ltr'><strong>tamquam</strong></span> <span class='ocrx_word' id='word_1_84' title='bbox 394 2046 532 2141; x_wconf 81' lang='lat' dir='ltr'>integer</span> <span class='ocrx_word' id='word_1_85' title='bbox 557 2042 650 2117; x_wconf 91' lang='lat' dir='ltr'><strong>ordo</strong></span> <span class='ocrx_word' id='word_1_86' title='bbox 678 2040 839 2116; x_wconf 82' lang='lat' dir='ltr'><strong>servatus</strong></span> <span class='ocrx_word' id='word_1_87' title='bbox 857 2039 924 2117; x_wconf 68' lang='lat' dir='ltr'><strong>ests</strong></span> <span class='ocrx_word' id='word_1_88' title='bbox 963 2040 1142 2139; x_wconf 86' lang='lat' dir='ltr'><strong>cumpost</strong></span> 
     </span>
     <span class='ocr_line' id='line_1_13' title="bbox 82 2140 1142 2237; baseline -0.004 -16"><span class='ocrx_word' id='word_1_89' title='bbox 82 2150 223 2237; x_wconf 73' lang='lat' dir='ltr'><strong>colum,</strong></span> <span class='ocrx_word' id='word_1_90' title='bbox 234 2146 237 2162; x_wconf 87' lang='lat'>&#39;</span> <span class='ocrx_word' id='word_1_91' title='bbox 248 2147 284 2217; x_wconf 93' lang='lat' dir='ltr'><strong>in</strong></span> <span class='ocrx_word' id='word_1_92' title='bbox 307 2164 380 2237; x_wconf 90' lang='lat' dir='ltr'><strong>quo</strong></span> <span class='ocrx_word' id='word_1_93' title='bbox 399 2158 584 2235; x_wconf 80' lang='lat' dir='ltr'><strong>permanet</strong></span> <span class='ocrx_word' id='word_1_94' title='bbox 599 2142 662 2215; x_wconf 87' lang='lat' dir='ltr'><strong>llei</strong></span> <span class='ocrx_word' id='word_1_95' title='bbox 678 2142 856 2231; x_wconf 84' lang='lat' dir='ltr'><strong>Verbum,</strong></span> <span class='ocrx_word' id='word_1_96' title='bbox 883 2140 1030 2216; x_wconf 85' lang='lat' dir='ltr'><strong>fundata</strong></span> <span class='ocrx_word' id='word_1_97' title='bbox 1045 2158 1142 2217; x_wconf 79' lang='lat' dir='ltr'><strong>terre</strong></span> 
     </span>
     <span class='ocr_line' id='line_1_14' title="bbox 80 2236 1143 2334; baseline -0.001 -16"><span class='ocrx_word' id='word_1_98' title='bbox 80 2236 241 2325; x_wconf 81' lang='lat' dir='ltr'><strong>mansura</strong></span> <span class='ocrx_word' id='word_1_99' title='bbox 253 2241 314 2319; x_wconf 90' lang='lat' dir='ltr'><strong>est.</strong></span> <span class='ocrx_word' id='word_1_100' title='bbox 365 2240 414 2315; x_wconf 87' lang='lat' dir='ltr'><strong>Et</strong></span> <span class='ocrx_word' id='word_1_101' title='bbox 433 2240 576 2334; x_wconf 80' lang='lat' dir='ltr'><strong>quidem</strong></span> <span class='ocrx_word' id='word_1_102' title='bbox 592 2241 665 2315; x_wconf 87' lang='lat' dir='ltr'><strong>hoc</strong></span> <span class='ocrx_word' id='word_1_103' title='bbox 681 2242 787 2315; x_wconf 79' lang='lat' dir='ltr'><strong>etiam</strong></span> <span class='ocrx_word' id='word_1_104' title='bbox 799 2242 843 2313; x_wconf 90' lang='lat' dir='ltr'><strong>de</strong></span> <span class='ocrx_word' id='word_1_105' title='bbox 856 2240 1029 2317; x_wconf 87' lang='lat' dir='ltr'><strong>hacterra</strong></span> <span class='ocrx_word' id='word_1_106' title='bbox 1043 2242 1143 2317; x_wconf 81' lang='lat' dir='ltr'><strong>forte</strong></span> 
     </span>
    </p>
   </div>
   <div class='ocr_carea' id='block_1_5' title="bbox 79 2338 1283 2447">
    <p class='ocr_par' dir='ltr' id='par_1_6' title="bbox 79 2338 1283 2447">
     <span class='ocr_line' id='line_1_15' title="bbox 79 2338 1283 2447; baseline -0.007 -26"><span class='ocrx_word' id='word_1_107' title='bbox 79 2342 211 2421; x_wconf 72' lang='lat' dir='ltr'><strong>ditium</strong></span> <span class='ocrx_word' id='word_1_108' title='bbox 227 2344 465 2439; x_wconf 80' lang='lat' dir='ltr'><strong>intelligetur,</strong></span> <span class='ocrx_word' id='word_1_109' title='bbox 491 2362 567 2447; x_wconf 82' lang='lat' dir='ltr'><strong>quae</strong></span> <span class='ocrx_word' id='word_1_110' title='bbox 582 2338 727 2413; x_wconf 86' lang='lat' dir='ltr'><strong>fundata</strong></span> <span class='ocrx_word' id='word_1_111' title='bbox 744 2356 942 2432; x_wconf 85' lang='lat' dir='ltr'><strong>permanet,</strong></span> <span class='ocrx_word' id='word_1_112' title='bbox 968 2364 1073 2435; x_wconf 89' lang='lat' dir='ltr'><strong>quam</strong></span> <span class='ocrx_word' id='word_1_113' title='bbox 1091 2340 1144 2417; x_wconf 80' lang='lat' dir='ltr'><strong>se·</strong></span> <span class='ocrx_word' id='word_1_114' title='bbox 1281 2361 1283 2388; x_wconf 64' lang='lat'><strong>¹</strong></span> 
     </span>
    </p>
   </div>
   <div class='ocr_carea' id='block_1_6' title="bbox 77 2436 1243 4418">
    <p class='ocr_par' dir='ltr' id='par_1_7' title="bbox 77 2436 1243 4125">
     <span class='ocr_line' id='line_1_16' title="bbox 77 2436 1142 2535; baseline -0.006 -15"><span class='ocrx_word' id='word_1_115' title='bbox 77 2446 237 2520; x_wconf 88' lang='lat' dir='ltr'><strong>cundum</strong></span> <span class='ocrx_word' id='word_1_116' title='bbox 266 2442 496 2515; x_wconf 79' lang='lat' dir='ltr'><strong>Salomonem</strong></span> <span class='ocrx_word' id='word_1_117' title='bbox 516 2438 623 2513; x_wconf 63' lang='lat' dir='ltr'><strong>Deua*</strong></span> <span class='ocrx_word' id='word_1_118' title='bbox 633 2458 698 2535; x_wconf 89' lang='lat' dir='ltr'><strong>per</strong></span> <span class='ocrx_word' id='word_1_119' title='bbox 723 2436 926 2534; x_wconf 78' lang='lat' dir='ltr'><strong>sapientiam</strong></span> <span class='ocrx_word' id='word_1_120' title='bbox 955 2442 1142 2514; x_wconf 80' lang='lat' dir='ltr'><strong>fundauit:</strong></span> 
     </span>
     <span class='ocr_line' id='line_1_17' title="bbox 77 2538 1143 2638; baseline -0.002 -21"><span class='ocrx_word' id='word_1_121' title='bbox 77 2566 162 2638; x_wconf 79' lang='lat' dir='ltr'><strong>que</strong></span> <span class='ocrx_word' id='word_1_122' title='bbox 178 2564 256 2617; x_wconf 91' lang='lat' dir='ltr'><strong>cum</strong></span> <span class='ocrx_word' id='word_1_123' title='bbox 269 2540 386 2614; x_wconf 84' lang='lat' dir='ltr'><strong>fluide</strong></span> <span class='ocrx_word' id='word_1_124' title='bbox 401 2540 443 2615; x_wconf 78' lang='lat' dir='ltr'><strong>stt</strong></span> <span class='ocrx_word' id='word_1_125' title='bbox 458 2558 627 2630; x_wconf 84' lang='lat' dir='ltr'><strong>aquarum</strong></span> <span class='ocrx_word' id='word_1_126' title='bbox 645 2554 780 2613; x_wconf 78' lang='lat' dir='ltr'><strong>nature</strong></span> <span class='ocrx_word' id='word_1_127' title='bbox 796 2538 1009 2634; x_wconf 68' lang='lat' dir='ltr'><strong>superjecta,</strong></span> <span class='ocrx_word' id='word_1_128' title='bbox 1037 2542 1071 2614; x_wconf 80' lang='lat' dir='ltr'><strong>or</strong></span> <span class='ocrx_word' id='word_1_129' title='bbox 1087 2542 1143 2615; x_wconf 83' lang='lat' dir='ltr'><strong>in·</strong></span> 
     </span>
     <span class='ocr_line' id='line_1_18' title="bbox 77 2636 1143 2731; baseline -0.005 -13"><span class='ocrx_word' id='word_1_130' title='bbox 77 2640 260 2719; x_wconf 86' lang='lat' dir='ltr'><strong>constanti</strong></span> <span class='ocrx_word' id='word_1_131' title='bbox 281 2642 422 2714; x_wconf 86' lang='lat' dir='ltr'><strong>innatet</strong></span> <span class='ocrx_word' id='word_1_132' title='bbox 444 2636 614 2712; x_wconf 83' lang='lat' dir='ltr'><strong>substrata</strong></span> <span class='ocrx_word' id='word_1_133' title='bbox 642 2640 824 2715; x_wconf 88' lang='lat' dir='ltr'><strong>elemento</strong></span> <span class='ocrx_word' id='word_1_134' title='bbox 836 2683 853 2731; x_wconf 88' lang='lat'><strong>‚·</strong></span> <span class='ocrx_word' id='word_1_135' title='bbox 885 2642 936 2712; x_wconf 84' lang='lat' dir='ltr'><strong>ita</strong></span> <span class='ocrx_word' id='word_1_136' title='bbox 958 2638 1143 2715; x_wconf 86' lang='lat' dir='ltr'><strong>tamensa·</strong></span> 
     </span>
     <span class='ocr_line' id='line_1_19' title="bbox 77 2736 1143 2833; baseline -0.006 -14"><span class='ocrx_word' id='word_1_137' title='bbox 77 2742 214 2820; x_wconf 73' lang='lat' dir='ltr'><strong>pientia</strong></span> <span class='ocrx_word' id='word_1_138' title='bbox 237 2741 269 2813; x_wconf 75' lang='lat' dir='ltr'><strong>or</strong></span> <span class='ocrx_word' id='word_1_139' title='bbox 293 2740 452 2830; x_wconf 88' lang='lat' dir='ltr'><strong>virtute,</strong></span> <span class='ocrx_word' id='word_1_140' title='bbox 489 2738 522 2810; x_wconf 75' lang='lat' dir='ltr'><strong>ot</strong></span> <span class='ocrx_word' id='word_1_141' title='bbox 546 2737 668 2833; x_wconf 88' lang='lat' dir='ltr'><strong>spiritu</strong></span> <span class='ocrx_word' id='word_1_142' title='bbox 693 2740 757 2812; x_wconf 81' lang='lat' dir='ltr'><strong>[lei</strong></span> <span class='ocrx_word' id='word_1_143' title='bbox 772 2736 918 2813; x_wconf 83' lang='lat' dir='ltr'><strong>fundata</strong></span> <span class='ocrx_word' id='word_1_144' title='bbox 933 2737 1065 2833; x_wconf 82' lang='lat' dir='ltr'><strong>fuerit,</strong></span> <span class='ocrx_word' id='word_1_145' title='bbox 1098 2754 1143 2813; x_wconf 88' lang='lat' dir='ltr'><strong>ut</strong></span> 
     </span>
     <span class='ocr_line' id='line_1_20' title="bbox 77 2834 1150 2932; baseline 0.001 -18"><span class='ocrx_word' id='word_1_146' title='bbox 77 2854 297 2921; x_wconf 61' lang='lat' dir='ltr'><strong>permaneat.</strong></span> <span class='ocrx_word' id='word_1_147' title='bbox 336 2834 1150 2932; x_wconf 75' lang='lat' dir='ltr'><strong>Sedmihipropheticussermoetiemdeterre</strong></span> 
     </span>
     <span class='ocr_line' id='line_1_21' title="bbox 77 2938 1143 3031; baseline -0.007 -13"><span class='ocrx_word' id='word_1_148' title='bbox 77 2942 221 3018; x_wconf 75' lang='lat' dir='ltr'><strong>numani</strong></span> <span class='ocrx_word' id='word_1_149' title='bbox 241 2942 405 3029; x_wconf 81' lang='lat' dir='ltr'><strong>corporis</strong></span> <span class='ocrx_word' id='word_1_150' title='bbox 421 2938 566 3010; x_wconf 88' lang='lat' dir='ltr'><strong>videtur</strong></span> <span class='ocrx_word' id='word_1_151' title='bbox 580 2940 744 3010; x_wconf 78' lang='lat' dir='ltr'><strong>locutus:</strong></span> <span class='ocrx_word' id='word_1_152' title='bbox 771 2956 848 3028; x_wconf 80' lang='lat' dir='ltr'><strong>quae</strong></span> <span class='ocrx_word' id='word_1_153' title='bbox 860 2940 911 3011; x_wconf 88' lang='lat' dir='ltr'><strong>ita</strong></span> <span class='ocrx_word' id='word_1_154' title='bbox 923 2938 1070 3011; x_wconf 84' lang='lat' dir='ltr'><strong>fundata</strong></span> <span class='ocrx_word' id='word_1_155' title='bbox 1084 2938 1143 3031; x_wconf 83' lang='lat' dir='ltr'><strong>ut,</strong></span> 
     </span>
     <span class='ocr_line' id='line_1_22' title="bbox 77 3036 1141 3127; baseline 0.001 -14"><span class='ocrx_word' id='word_1_156' title='bbox 77 3042 272 3127; x_wconf 74' lang='lat' dir='ltr'><strong>utinen,</strong></span> <span class='ocrx_word' id='word_1_157' title='bbox 310 3050 487 3125; x_wconf 79' lang='lat' dir='ltr'><strong>tamquam</strong></span> <span class='ocrx_word' id='word_1_158' title='bbox 509 3038 543 3107; x_wconf 91' lang='lat' dir='ltr'><strong>in</strong></span> <span class='ocrx_word' id='word_1_159' title='bbox 570 3036 685 3125; x_wconf 87' lang='lat' dir='ltr'><strong>coelo,</strong></span> <span class='ocrx_word' id='word_1_160' title='bbox 723 3038 874 3109; x_wconf 82' lang='lat' dir='ltr'><strong>verbum</strong></span> <span class='ocrx_word' id='word_1_161' title='bbox 901 3038 961 3109; x_wconf 88' lang='lat' dir='ltr'><strong>llei</strong></span> <span class='ocrx_word' id='word_1_162' title='bbox 986 3054 1141 3114; x_wconf 78' lang='lat' dir='ltr'><strong>maneat.</strong></span> 
     </span>
     <span class='ocr_line' id='line_1_23' title="bbox 77 3132 1143 3230; baseline 0 -21"><span class='ocrx_word' id='word_1_163' title='bbox 77 3138 218 3215; x_wconf 68' lang='lat' dir='ltr'><strong>:uelum</strong></span> <span class='ocrx_word' id='word_1_164' title='bbox 248 3132 343 3207; x_wconf 84' lang='lat' dir='ltr'><strong>enim</strong></span> <span class='ocrx_word' id='word_1_165' title='bbox 369 3134 403 3205; x_wconf 75' lang='lat' dir='ltr'><strong>ut</strong></span> <span class='ocrx_word' id='word_1_166' title='bbox 434 3150 528 3205; x_wconf 89' lang='lat' dir='ltr'><strong>terra</strong></span> <span class='ocrx_word' id='word_1_167' title='bbox 551 3133 766 3229; x_wconf 70' lang='lat' dir='ltr'><strong>preteribit:</strong></span> <span class='ocrx_word' id='word_1_168' title='bbox 800 3136 833 3207; x_wconf 79' lang='lat' dir='ltr'><strong>or</strong></span> <span class='ocrx_word' id='word_1_169' title='bbox 856 3138 1051 3230; x_wconf 78' lang='lat' dir='ltr'><strong>quomodo</strong></span> <span class='ocrx_word' id='word_1_170' title='bbox 1063 3136 1143 3210; x_wconf 82' lang='lat' dir='ltr'><strong>here</strong></span> 
     </span>
     <span class='ocr_line' id='line_1_24' title="bbox 82 3227 1143 3311; baseline -0.002 0"><span class='ocrx_word' id='word_1_171' title='bbox 82 3256 174 3311; x_wconf 85' lang='lat' dir='ltr'><strong>erra</strong></span> <span class='ocrx_word' id='word_1_172' title='bbox 196 3232 343 3307; x_wconf 86' lang='lat' dir='ltr'><strong>fundata</strong></span> <span class='ocrx_word' id='word_1_173' title='bbox 362 3227 522 3307; x_wconf 86' lang='lat' dir='ltr'><strong>mansura</strong></span> <span class='ocrx_word' id='word_1_174' title='bbox 543 3230 619 3305; x_wconf 77' lang='lat' dir='ltr'><strong>esti</strong></span> <span class='ocrx_word' id='word_1_175' title='bbox 645 3232 707 3307; x_wconf 84' lang='lat' dir='ltr'><strong>nili</strong></span> <span class='ocrx_word' id='word_1_176' title='bbox 726 3230 825 3307; x_wconf 85' lang='lat' dir='ltr'><strong>forte</strong></span> <span class='ocrx_word' id='word_1_177' title='bbox 849 3234 994 3309; x_wconf 85' lang='lat' dir='ltr'><strong>fundata</strong></span> <span class='ocrx_word' id='word_1_178' title='bbox 1009 3236 1047 3308; x_wconf 91' lang='lat' dir='ltr'><strong>in</strong></span> <span class='ocrx_word' id='word_1_179' title='bbox 1066 3236 1143 3309; x_wconf 83' lang='lat' dir='ltr'><strong>hoc</strong></span> 
     </span>
     <span class='ocr_line' id='line_1_25' title="bbox 77 3328 1143 3416; baseline 0.001 -9"><span class='ocrx_word' id='word_1_180' title='bbox 77 3334 201 3413; x_wconf 79' lang='lat' dir='ltr'><strong>&#39;eculo</strong></span> <span class='ocrx_word' id='word_1_181' title='bbox 230 3345 370 3405; x_wconf 86' lang='lat' dir='ltr'><strong>tantum</strong></span> <span class='ocrx_word' id='word_1_182' title='bbox 393 3328 551 3405; x_wconf 78' lang='lat' dir='ltr'><strong>mansura</strong></span> <span class='ocrx_word' id='word_1_183' title='bbox 573 3330 634 3414; x_wconf 78' lang='lat' dir='ltr'><strong>stt,</strong></span> <span class='ocrx_word' id='word_1_184' title='bbox 670 3332 706 3406; x_wconf 88' lang='lat' dir='ltr'><strong>id</strong></span> <span class='ocrx_word' id='word_1_185' title='bbox 723 3332 793 3416; x_wconf 83' lang='lat' dir='ltr'><strong>est,</strong></span> <span class='ocrx_word' id='word_1_186' title='bbox 808 3332 1017 3409; x_wconf 61' lang='lat' dir='ltr'><strong>iocundum</strong></span> <span class='ocrx_word' id='word_1_187' title='bbox 1032 3332 1143 3409; x_wconf 83' lang='lat' dir='ltr'><strong>ieoull</strong></span> 
     </span>
     <span class='ocr_line' id='line_1_26' title="bbox 77 3430 1143 3528; baseline -0.001 -19"><span class='ocrx_word' id='word_1_188' title='bbox 77 3438 183 3528; x_wconf 69' lang='lat' dir='ltr'><strong>tarjue</strong></span> <span class='ocrx_word' id='word_1_189' title='bbox 200 3431 496 3509; x_wconf 77' lang='lat' dir='ltr'><strong>&#39;constitutionem</strong></span> <span class='ocrx_word' id='word_1_190' title='bbox 511 3432 543 3504; x_wconf 80' lang='lat' dir='ltr'><strong>or</strong></span> <span class='ocrx_word' id='word_1_191' title='bbox 559 3430 630 3524; x_wconf 87' lang='lat' dir='ltr'><strong>ipsa</strong></span> <span class='ocrx_word' id='word_1_192' title='bbox 643 3430 814 3509; x_wconf 87' lang='lat' dir='ltr'><strong>mansura.</strong></span> <span class='ocrx_word' id='word_1_193' title='bbox 864 3434 1143 3528; x_wconf 82' lang='lat' dir='ltr'><strong>Sedirperman·</strong></span> 
     </span>
     <span class='ocr_line' id='line_1_27' title="bbox 77 3526 1142 3629; baseline -0.003 -18"><span class='ocrx_word' id='word_1_194' title='bbox 77 3543 156 3613; x_wconf 79' lang='lat' dir='ltr'><strong>lara</strong></span> <span class='ocrx_word' id='word_1_195' title='bbox 173 3532 245 3624; x_wconf 87' lang='lat' dir='ltr'><strong>est,</strong></span> <span class='ocrx_word' id='word_1_196' title='bbox 279 3526 374 3629; x_wconf 90' lang='lat' dir='ltr'><strong>(quo</strong></span> <span class='ocrx_word' id='word_1_197' title='bbox 392 3532 509 3603; x_wconf 90' lang='lat' dir='ltr'><strong>verbo</strong></span> <span class='ocrx_word' id='word_1_198' title='bbox 528 3528 744 3626; x_wconf 77' lang='lat' dir='ltr'><strong>significatur</strong></span> <span class='ocrx_word' id='word_1_199' title='bbox 759 3534 795 3605; x_wconf 91' lang='lat' dir='ltr'><strong>in</strong></span> <span class='ocrx_word' id='word_1_200' title='bbox 815 3548 1028 3628; x_wconf 84' lang='lat' dir='ltr'><strong>perpetuum</strong></span> <span class='ocrx_word' id='word_1_201' title='bbox 1044 3556 1142 3609; x_wconf 85' lang='lat' dir='ltr'><strong>man·</strong></span> 
     </span>
     <span class='ocr_line' id='line_1_28' title="bbox 77 3628 1144 3731; baseline 0.001 -21"><span class='ocrx_word' id='word_1_202' title='bbox 77 3631 177 3731; x_wconf 81' lang='lat' dir='ltr'><strong>nra)</strong></span> <span class='ocrx_word' id='word_1_203' title='bbox 205 3650 326 3705; x_wconf 86' lang='lat' dir='ltr'><strong>earum</strong></span> <span class='ocrx_word' id='word_1_204' title='bbox 347 3628 486 3705; x_wconf 84' lang='lat' dir='ltr'><strong>nerelle</strong></span> <span class='ocrx_word' id='word_1_205' title='bbox 512 3629 562 3704; x_wconf 86' lang='lat' dir='ltr'><strong>est</strong></span> <span class='ocrx_word' id='word_1_206' title='bbox 580 3630 854 3727; x_wconf 80' lang='lat' dir='ltr'><strong>generationum</strong></span> <span class='ocrx_word' id='word_1_207' title='bbox 874 3648 971 3707; x_wconf 83' lang='lat' dir='ltr'><strong>terra</strong></span> <span class='ocrx_word' id='word_1_208' title='bbox 993 3631 1144 3711; x_wconf 79' lang='lat' dir='ltr'><strong>fundata</strong></span> 
     </span>
     <span class='ocr_line' id='line_1_29' title="bbox 77 3728 1243 3831; baseline -0.002 -21"><span class='ocrx_word' id='word_1_209' title='bbox 77 3762 96 3810; x_wconf 82' lang='grc' dir='ltr'>ι</span> <span class='ocrx_word' id='word_1_210' title='bbox 119 3730 288 3807; x_wconf 87' lang='lat' dir='ltr'><strong>mansura</strong></span> <span class='ocrx_word' id='word_1_211' title='bbox 300 3728 372 3805; x_wconf 85' lang='lat' dir='ltr'><strong>else</strong></span> <span class='ocrx_word' id='word_1_212' title='bbox 386 3730 563 3831; x_wconf 68' lang='lat' dir='ltr'><strong>credenrla</strong></span> <span class='ocrx_word' id='word_1_213' title='bbox 583 3728 654 3821; x_wconf 83' lang='lat' dir='ltr'><strong>est,</strong></span> <span class='ocrx_word' id='word_1_214' title='bbox 674 3732 810 3822; x_wconf 75' lang='lat' dir='ltr'><strong>&#39;quibua</strong></span> <span class='ocrx_word' id='word_1_215' title='bbox 828 3732 878 3805; x_wconf 85' lang='lat' dir='ltr'><strong>ob</strong></span> <span class='ocrx_word' id='word_1_216' title='bbox 898 3734 1089 3807; x_wconf 85' lang='lat' dir='ltr'><strong>veritatem</strong></span> <span class='ocrx_word' id='word_1_217' title='bbox 1104 3735 1143 3807; x_wconf 89' lang='lat' dir='ltr'><strong>in</strong></span> <span class='ocrx_word' id='word_1_218' title='bbox 1235 3731 1243 3737; x_wconf 79' lang='grc'><em>“</em></span> 
     </span>
     <span class='ocr_line' id='line_1_30' title="bbox 82 3828 1179 3927; baseline -0.002 -18"><span class='ocrx_word' id='word_1_219' title='bbox 82 3842 127 3909; x_wconf 80' lang='lat' dir='ltr'><strong>ie</strong></span> <span class='ocrx_word' id='word_1_220' title='bbox 144 3830 209 3903; x_wconf 84' lang='lat' dir='ltr'><strong>Dei</strong></span> <span class='ocrx_word' id='word_1_221' title='bbox 225 3844 442 3924; x_wconf 81' lang='lat' dir='ltr'><strong>manentem,</strong></span> <span class='ocrx_word' id='word_1_222' title='bbox 468 3828 772 3920; x_wconf 75' lang='lat' dir='ltr'><strong>coelestianorum,</strong></span> <span class='ocrx_word' id='word_1_223' title='bbox 795 3846 1143 3927; x_wconf 82' lang='lat' dir='ltr'><strong>nunctemenorum,</strong></span> <span class='ocrx_word' id='word_1_224' title='bbox 1175 3878 1179 3887; x_wconf 45' lang='grc' dir='ltr'><em>ι</em></span> 
     </span>
     <span class='ocr_line' id='line_1_31' title="bbox 77 3926 1144 4025; baseline 0.007 -23"><span class='ocrx_word' id='word_1_225' title='bbox 77 3948 278 4022; x_wconf 87' lang='lat' dir='ltr'><strong>orporum</strong></span> <span class='ocrx_word' id='word_1_226' title='bbox 305 3931 419 4025; x_wconf 78' lang='lat' dir='ltr'><strong>gloria</strong></span> <span class='ocrx_word' id='word_1_227' title='bbox 443 3944 671 4023; x_wconf 74' lang='lat' dir='ltr'><strong>preparatur.</strong></span> <span class='ocrx_word' id='word_1_228' title='bbox 733 3926 1000 4006; x_wconf 82' lang='lat' dir='ltr'><strong>Etabsolutiua</strong></span> <span class='ocrx_word' id='word_1_229' title='bbox 1022 3934 1061 4007; x_wconf 75' lang='lat' dir='ltr'><strong>io</strong></span> <span class='ocrx_word' id='word_1_230' title='bbox 1088 3936 1144 4010; x_wconf 80' lang='lat' dir='ltr'><strong>ita</strong></span> 
     </span>
     <span class='ocr_line' id='line_1_32' title="bbox 77 4026 771 4125; baseline -0.003 -20"><span class='ocrx_word' id='word_1_231' title='bbox 77 4027 315 4119; x_wconf 82' lang='lat' dir='ltr'><strong>onsequenti</strong></span> <span class='ocrx_word' id='word_1_232' title='bbox 334 4026 438 4103; x_wconf 87' lang='lat' dir='ltr'><strong>versu</strong></span> <span class='ocrx_word' id='word_1_233' title='bbox 455 4032 594 4123; x_wconf 86' lang='lat' dir='ltr'><strong>poterit</strong></span> <span class='ocrx_word' id='word_1_234' title='bbox 610 4027 771 4125; x_wconf 84' lang='lat' dir='ltr'><strong>intelligi.</strong></span> 
     </span>
    </p>

    <p class='ocr_par' dir='ltr' id='par_1_8' title="bbox 77 4126 1155 4418">
     <span class='ocr_line' id='line_1_33' title="bbox 176 4126 1144 4227; baseline 0.005 -30"><span class='ocrx_word' id='word_1_235' title='bbox 176 4134 214 4207; x_wconf 83' lang='lat'><strong>8.</strong></span> <span class='ocrx_word' id='word_1_236' title='bbox 242 4126 308 4199; x_wconf 82' lang='lat' dir='ltr'><strong>Ait</strong></span> <span class='ocrx_word' id='word_1_237' title='bbox 324 4130 435 4202; x_wconf 71' lang='lat' dir='ltr'><strong>enlm:</strong></span> <span class='ocrx_word' id='word_1_238' title='bbox 471 4132 679 4201; x_wconf 69' lang='lat' dir='ltr'><strong>[inclinatione</strong></span> <span class='ocrx_word' id='word_1_239' title='bbox 694 4146 751 4200; x_wconf 78' lang='lat' dir='ltr'><strong>lna</strong></span> <span class='ocrx_word' id='word_1_240' title='bbox 768 4129 944 4226; x_wconf 72' lang='lat' dir='ltr'><strong>perseverari</strong></span> <span class='ocrx_word' id='word_1_241' title='bbox 961 4130 1144 4227; x_wconf 46' lang='lat' dir='ltr'><strong>diesque·</strong></span> 
     </span>
     <span class='ocr_line' id='line_1_34' title="bbox 77 4220 1155 4323; baseline 0.01 -27"><span class='ocrx_word' id='word_1_242' title='bbox 77 4240 166 4307; x_wconf 74' lang='lat' dir='ltr'><strong>fam</strong></span> <span class='ocrx_word' id='word_1_243' title='bbox 182 4227 542 4317; x_wconf 63' lang='lat' dir='ltr'><strong>metumientem.</strong></span> <span class='ocrx_word' id='word_1_244' title='bbox 593 4220 674 4301; x_wconf 78' lang='lat' dir='ltr'><strong>&#39;lliea</strong></span> <span class='ocrx_word' id='word_1_245' title='bbox 684 4226 763 4321; x_wconf 82' lang='lat' dir='ltr'><strong>iile,</strong></span> <span class='ocrx_word' id='word_1_246' title='bbox 790 4222 1040 4323; x_wconf 68' lang='lat' dir='ltr'><strong>ouintrnrmi,</strong></span> <span class='ocrx_word' id='word_1_247' title='bbox 1064 4250 1155 4307; x_wconf 57' lang='lat' dir='ltr'><strong>nou&lt;</strong></span> 
     </span>
     <span class='ocr_line' id='line_1_35' title="bbox 77 4316 1145 4418; baseline -0.002 -13"><span class='ocrx_word' id='word_1_248' title='bbox 77 4316 307 4418; x_wconf 57' lang='lat' dir='ltr'><strong>minuerat,</strong></span> <span class='ocrx_word' id='word_1_249' title='bbox 341 4328 550 4401; x_wconf 77' lang='lat' dir='ltr'><strong>interventu</strong></span> <span class='ocrx_word' id='word_1_250' title='bbox 572 4326 689 4401; x_wconf 75' lang='lat' dir='ltr'><strong>noilie</strong></span> <span class='ocrx_word' id='word_1_251' title='bbox 710 4344 887 4405; x_wconf 76' lang='lat' dir='ltr'><strong>exemtus.</strong></span> <span class='ocrx_word' id='word_1_252' title='bbox 949 4328 1027 4402; x_wconf 84' lang='lat' dir='ltr'><strong>Aut</strong></span> <span class='ocrx_word' id='word_1_253' title='bbox 1046 4327 1072 4403; x_wconf 83' lang='lat' dir='ltr'><strong>ir</strong></span> <span class='ocrx_word' id='word_1_254' title='bbox 1096 4332 1145 4403; x_wconf 76' lang='lat' dir='ltr'><strong>ule</strong></span> 
     </span>
    </p>
   </div>
   <div class='ocr_carea' id='block_1_7' title="bbox 78 4422 1263 4525">
    <p class='ocr_par' dir='ltr' id='par_1_9' title="bbox 78 4422 1263 4525">
     <span class='ocr_line' id='line_1_36' title="bbox 78 4422 1263 4525; baseline -0.004 -16"><span class='ocrx_word' id='word_1_255' title='bbox 78 4422 502 4525; x_wconf 73' lang='lat' dir='ltr'><strong>taiuedleitem‘poribue</strong></span> <span class='ocrx_word' id='word_1_256' title='bbox 518 4422 776 4521; x_wconf 68' lang='lat' dir='ltr'><strong>locutueesset,</strong></span> <span class='ocrx_word' id='word_1_257' title='bbox 802 4428 1022 4503; x_wconf 86' lang='lat' dir='ltr'><strong>mentionem</strong></span> <span class='ocrx_word' id='word_1_258' title='bbox 1034 4432 1145 4505; x_wconf 81' lang='lat' dir='ltr'><strong>eriam</strong></span> <span class='ocrx_word' id='word_1_259' title='bbox 1260 4433 1263 4435; x_wconf 73' lang='grc'>’</span> 
     </span>
    </p>
   </div>
   <div class='ocr_carea' id='block_1_8' title="bbox 77 4522 1163 4726">
    <p class='ocr_par' dir='ltr' id='par_1_10' title="bbox 77 4522 1163 4726">
     <span class='ocr_line' id='line_1_37' title="bbox 77 4522 1163 4625; baseline -0.005 -18"><span class='ocrx_word' id='word_1_260' title='bbox 77 4524 195 4607; x_wconf 72' lang='lat' dir='ltr'><strong>offla</strong></span> <span class='ocrx_word' id='word_1_261' title='bbox 214 4522 293 4601; x_wconf 85' lang='lat' dir='ltr'><strong>lieri</strong></span> <span class='ocrx_word' id='word_1_262' title='bbox 305 4540 555 4621; x_wconf 80' lang='lat' dir='ltr'><strong>convenerat,</strong></span> <span class='ocrx_word' id='word_1_263' title='bbox 582 4546 660 4621; x_wconf 84' lang='lat' dir='ltr'><strong>que</strong></span> <span class='ocrx_word' id='word_1_264' title='bbox 672 4528 771 4622; x_wconf 75' lang='lat' dir='ltr'><strong>pati,</strong></span> <span class='ocrx_word' id='word_1_265' title='bbox 794 4543 837 4600; x_wconf 86' lang='lat' dir='ltr'><strong>ut</strong></span> <span class='ocrx_word' id='word_1_266' title='bbox 851 4529 943 4625; x_wconf 83' lang='lat' dir='ltr'><strong>tliea,</strong></span> <span class='ocrx_word' id='word_1_267' title='bbox 969 4525 1163 4602; x_wconf 59' lang='lat' dir='ltr'><strong>liei-ordli</strong></span> 
     </span>
     <span class='ocr_line' id='line_1_38' title="bbox 112 4620 1095 4726; baseline 0.003 -27"><span class='ocrx_word' id='word_1_268' title='bbox 112 4630 164 4701; x_wconf 68' lang='grc' dir='ltr'><strong>Σ.</strong></span> <span class='ocrx_word' id='word_1_269' title='bbox 199 4626 332 4703; x_wconf 76' lang='lat' dir='ltr'><strong>Hilarii</strong></span> <span class='ocrx_word' id='word_1_270' title='bbox 357 4620 443 4703; x_wconf 68' lang='lat' dir='ltr'><strong>nn.</strong></span> <span class='ocrx_word' id='word_1_271' title='bbox 474 4628 518 4703; x_wconf 87' lang='lat'><strong>11.</strong></span> <span class='ocrx_word' id='word_1_272' title='bbox 717 4620 815 4726; x_wconf 76' lang='lat' dir='ltr'><strong>Mn</strong></span> <span class='ocrx_word' id='word_1_273' title='bbox 977 4628 1095 4703; x_wconf 82' lang='lat' dir='ltr'><strong>uario·</strong></span> 
     </span>
    </p>
   </div>
   <div class='ocr_carea' id='block_1_9' title="bbox 0 0 1364 5709">
    <p class='ocr_par' dir='ltr' id='par_1_11' title="bbox 0 0 1364 5709">
     <span class='ocr_line' id='line_1_39' title="bbox 0 0 1364 5709; baseline 0 0"><span class='ocrx_word' id='word_1_274' title='bbox 0 0 1364 5709; x_wconf 95' lang='lat' dir='ltr'><strong> </strong></span> 
     </span>
    </p>
   </div>
  </div>
 </body>
</html>
