2717 5709
166 702 239 793 ιοί
504 710 541 792 S.
591 712 898 791 Ηιιιιιιιι

167 876 351 975 Georgius
380 877 418 954 in
447 872 668 951 Alexandria
702 897 768 971 per
790 877 928 951 litteras
955 852 1239 960 communicare

166 976 264 1079 'Qua
284 999 373 1077 ergo
388 979 459 1075 pax
471 976 592 1071 potest
609 976 701 1071 elle,
727 974 1002 1071 tranquillissime
1023 977 1242 1090 Imperator,

164 1077 381 1257 {exhibuit
397 1076 577 1251 ῗρίῖειιιρί,
610 1092 768 1251 ιιῑιιιιιιίι
780 1098 848 1250 ger
863 1076 999 1191 ltaliam
1015 1076 1147 1188 fastum
1165 1078 1241 1179 est,

163 1194 348 1291 ⁸oguntur
382 1198 488 1253 arum
518 1192 627 1252 enten
645 1198 730 1253 uso
758 1200 778 1251 e
805 1197 866 1254 ue.
893 1200 895 1207 ·

270 1302 305 1369 5.
332 1276 474 1371 Accipe
491 1278 604 1370 aliud,
632 1280 714 1373 quia
732 1278 968 1369 tranquillitas
983 1293 1045 1353 tua
1059 1278 1243 1375 patienter

166 1378 341 1455 admittit.
390 1376 547 1453 Manent
561 1380 765 1474 legatorum
779 1380 920 1460 littera,
948 1380 1008 1471 qui
1026 1380 1068 1453 ad
1086 1380 1241 1457 clemen·

167 1477 701 1571 tiamtuamsuerantdestinati,
728 1498 930 1572 quaenuper
939 1497 1139 1555 venerunt:
1166 1482 1243 1576 qui·

166 1580 240 1681 bus
253 1578 467 1679 fignificant,
494 1594 646 1673 propter
658 1582 904 1654 turbationem
920 1580 1063 1677 quidem
1079 1584 1244 1660 omnium

168 1680 399 1776 ecclesiarum
413 1673 448 1753 se
466 1680 609 1771 quidem
624 1697 708 1755 ante
721 1678 952 1755 succumbere
962 1678 1144 1755 sententiis
1159 1680 1246 1754 Or.-

169 1774 344 1875 &litalidm
375 1778 549 1867 voluisse,
571 1770 809 1882 {proposuisse
830 1778 950 1855 tamen
970 1778 1244 1873 conditionem,

170 1881 257 1978 u'tjsr
275 1880 383 1957 iidem
400 1879 478 1955 Arii
495 1878 652 1957 heresim
671 1880 984 1973 condemnassent,
1016 1880 1090 1955 hoc
1107 1902 1244 1979 genere

171 1982 334 2072 inclinati
360 2000 488 2056 eorum
513 1979 697 2057 sententiis
712 1981 914 2057 obedirent.
965 1982 1163 2073 Placitum,
1200 1994 1246 2055 ut

171 2080 236 2184 ipsi
253 2078 472 2196 fignificant,
498 2078 671 2179 scriptura
690 2081 781 2157 teste
796 2080 980 2177 firmatur,
1006 2084 1079 2158 itur
1091 2084 1130 2157 in·
1147 2072 1247 2157 con·

174 2184 314 2281 cilium:
345 2185 526 2277 accipiunt
550 2193 631 2258 cum
653 2184 915 2258 deliberatione
932 2180 1126 2279 responsa,
1159 2179 1249 2280 'Arii

172 2280 376 2376 dottrinam
393 2281 428 2358 se
445 2278 612 2359 damnare
626 2283 704 2373 non
718 2280 840 2381 poll'e,
867 2278 1123 2381 Athanasrum',
1147 2282 1250 2382 quod

173 2380 292 2459 solum
309 2382 516 2482 e'xigebant,
541 2382 1120 2481 communioneelleprivandum.
1147 2374 1248 2457 lli'nt':

171 2483 248 2589 jam
268 2484 461 2560 clementia
479 2498 541 2558 tua
559 2484 632 2557 hoc
648 2505 795 2579 quoque
815 2478 1039 2577 c'onsrderet,
1073 2476 1169 2555 reste
1182 2483 1249 2555 'ca-

175 2583 327 2657 tholicae
343 2574 528 2681 religionis
545 2584 626 2675 jure
635 2584 806 2678 servato,
833 2586 1048 2663 an'homtuis
1065 2581 1168 2658 causa
1184 2582 1249 2683 de·

174 2682 265 2759 beat
282 2683 474 2780 diligenter
488 2675 702 2777 ercull'e'que
715 2683 868 2761 uastari.
890 2677 894 2685 ’
1191 2684 1207 2691 ”
1234 2761 1241 2780 ,

178 2806 208 2827 ··
242 2795 245 2805 ·
272 2788 314 2871 o.
341 2780 452 2871 Unde
470 2782 746 2873 ‚iterumatque
778 2790 911 2862 iterum
939 2780 1248 2863 mansuetudinem

177 2891 278 2959 tuam
300 2896 409 2975 atque
424 2881 581 2957 animum
600 2895 702 2953 tuum
724 2878 800 2959 Deo
812 2888 992 2961 devotum
1001 2881 1170 2984 rogamus
1182 2878 1249 2977 pe'r

176 2985 256 3077 ejus
277 2984 475 3069 virtutem,
503 2978 620 3071 quise
637 2984 674 3053 in
691 2979 892 3061 defenione
909 3000 993 3079 tua,
1021 2998 1175 3079 quantus
1192 2982 1252 3077 sit,

177 3082 358 3155 uniuersis
379 3081 593 3152 mortalibus
610 3080 845 3172 approbavit,
861 3102 904 3159 ut
916 3087 1054 3161 habens
1066 3100 1150 3160 ante
1164 3105 1252 3157 ocu-

176 3184 237 3265 los
258 3182 333 3275 ejus
354 3177 557 3272 beneficia,
591 3182 651 3271 qui
677 3179 872 3272 Imperium
887 3200 990 3263 tuum
1017 3189 1053 3259 in
1081 3184 1249 3257 omnibus

175 3274 286 3378 r'egit,
313 3283 390 3356 lraec
404 3283 440 3353 in
455 3294 552 3353 coetu
565 3278 820 3373 episcoporum
833 3278 1017 3379 diligenter
1029 3284 1137 3357 facias
1148 3283 1249 3355 omni

176 3402 262 3457 cum
289 3381 582 3481 consideratione
608 3379 768 3455 tractari:
804 3394 846 3455 ut
873 3388 1004 3476 pacatis
1024 3402 1089 3477 per
1108 3395 1144 3454 te
1162 3380 1250 3455 Deo

175 3482 330 3578 favente
352 3480 600 3575 temporibus,
626 3481 886 3572 tranquillitate
902 3494 963 3555 tua
977 3480 1252 3571 consentiente,

176 3579 226 3663 src
250 3582 371 3654 omnia
390 3579 645 3672 discutiantur,
681 3594 723 3652 ut
741 3600 817 3671 quae
836 3580 970 3655 suerint
985 3582 1122 3675 judicio
1142 3578 1254 3655 sacer·

176 3680 307 3780 dotum
325 3676 395 3751 Dei
414 3674 650 3770 confirmata,
677 3699 760 3752 cum
777 3678 978 3753 constiterit
994 3702 1120 3756 ornnes
1141 3684 1178 3755 in
1195 3704 1256 3755 ex·

206 3778 397 3850 ositionem
423 3774 528 3868 fidei,
567 3797 645 3865 quae
674 3778 772 3851 inter
796 3794 920 3853 tantos
946 3780 1138 3876 episcopus
1161 3778 1255 3874 apud

175 3798 341 3977 {liceum
365 3876 538 3969 praesente
563 3874 688 3953 santtae
715 3882 897 3952 memoriae
913 3896 1018 3973 patre
1036 3896 1102 3954 tuo
1120 3877 1255 3952 confrr-

177 3986 275 4054 mata
291 3977 356 4070 est,
383 3975 571 4050 universos
594 3977 820 4070 consensisse,
847 3999 928 4052 cum
943 3983 1112 4074 exemplo
1126 3978 1257 4073 poslmt

176 4077 217 4169 in
238 4077 420 4173 posterum
438 4076 628 4153 custodiri:
658 4092 702 4151 ut
721 4076 793 4172 ip'se
814 4076 1003 4173 Salvator,
1032 4081 1090 4172 qui
1106 4076 1259 4172 desuper

178 4178 311 4254 mentis
334 4192 405 4250 tuae
420 4178 648 4270 propositum
664 4183 845 4271 intuetur,
879 4180 1033 4253 intanta
1053 4200 1174 4254 rerum
1200 4202 1263 4253 ex·

156 4278 364 4368 perditione
386 4280 555 4375 laetetur,
600 4278 739 4355 causam
770 4274 854 4351 fidei
883 4276 1033 4372 &pacis
1051 4283 1160 4355 etiam
1175 4280 1263 4353 Rel-

135 4375 1152 4476 publr'caeneceslitatibusnouimmeritoprepoiutue.
1202 4376 1263 4456 Ad

1071 4495 1229 4549 enorm-
