2717 5709
228 921 326 1024 tvm
511 866 796 1000 {summitate
827 901 978 984 Carere

230 1063 266 1154 da
294 1083 371 1140 non
397 1059 576 1144 simulatus
600 1050 717 1142 horno
738 1063 856 1160 posset
880 1068 1052 1166 intelligi,
1091 1067 1280 1166 susceperit

229 1179 304 1260 Cur
324 1197 443 1262 autern
467 1187 636 1260 naturalis
655 1201 828 1281 negetur,
864 1191 1001 1262 dicetur
1022 1189 1114 1268 iufra
1134 1189 1280 1282 copiose

231 1291 235 1304 ’
328 1301 493 1390 Eundem
510 1303 669 1392 humane
682 1308 812 1382 mentis
829 1307 994 1384 affectum
1008 1309 1053 1384 de
1064 1307 1204 1385 Christo
1220 1310 1280 1402 pla

226 1411 308 1505 'nine
336 1423 483 1502 affirmat
500 1425 537 1502 in
560 1425 610 1502 Ps.
637 1449 715 1522 ¹39·
740 1431 772 1518 ς.
796 1445 878 1520 11.,
905 1429 967 1502 ubi
984 1451 1066 1506 eum
1085 1427 1270 1524 quaesiisset

224 1545 323 1641 unde
347 1547 453 1624 unius
478 1545 708 1638 eiusdemque
731 1543 858 1618 Christi
878 1550 998 1619 oratio
1022 1549 1062 1622 fit
1085 1550 1280 1642 cumtrepi

225 1665 375 1742 datione
402 1666 500 1744 simul
524 1665 557 1738 dt
583 1663 800 1743 securitate?
826 1663 1007 1760 Reponit:
1032 1669 1155 1756 „Hoc
1178 1673 1222 1748 ab
1242 1690 1280 1744 et

225 1787 296 1870 dici
319 1808 365 1862 ex
386 1789 530 1862 ratione
553 1786 711 1877 poterit,
750 1788 810 1878 qui
825 1807 953 1882 gerens
972 1787 1126 1862 hominis
1148 1789 1280 1882 ueiqm

222 1923 408 2012 naturam,
435 1907 565 1982 habeat
580 1905 612 1978 &
629 1927 673 1978 ex
690 1905 845 1992 hominis
858 1905 1063 1983 infirmitate
1080 1909 1279 2000 trepidatio

223 2031 280 2130 nie
305 2027 493 2120 effoetum,
521 2025 622 2101 &ex
640 2024 857 2132 conscientia
877 2028 1097 2122 divinitatis,
1121 2025 1280 2108 fiduciau

151 2185 153 2192 ·
222 2142 432 2251 securitatis.

228 2263 232 2276 '
322 2267 389 2344 His
406 2266 547 2344 accedit
562 2266 650 2340 illud
672 2263 773 2342 traii.
794 2265 880 2347 Psal.
901 2289 959 2360 54.
981 2264 1014 2365 ᾗ.
1029 2270 1086 2343 6.:
1109 2264 1195 2360 „Et
1211 2267 1280 2343 haet

222 2387 364 2496 quidem
389 2388 426 2462 in
450 2407 531 2464 eum
548 2389 687 2478 omnia,
715 2409 793 2482 quae
811 2388 940 2467 nostrae
957 2387 1169 2464 neceffitatis'
1188 2383 1275 2462 sunt

218 2507 414 2612 irruerunu
442 2505 503 2584 sed
517 2508 561 2581 ab
579 2528 625 2582 eo
640 2523 776 2584 naturae
791 2508 859 2582 suae
873 2511 1012 2584 virtute
1024 2506 1182 2602 suscepta
1193 2503 1280 2584 sunt

220 2627 305 2703 dum
319 2644 474 2702 mortem
493 2625 648 2702 nostram
670 2641 804 2722 potent
822 2649 896 2702 non
909 2630 1025 2711 mori,
1059 2628 1166 2704 etiam
1180 2631 1278 2706 timo

217 2767 295 2828 rem
313 2749 350 2824 in
368 2748 405 2823 se
418 2747 545 2825 mortis
559 2747 783 2843 ingruentem
797 2769 874 2826 nnn
893 2749 1023 2826 renuit.
1036 2745 1064 2792 ‘⁶

224 2921 227 2928 ,
317 2866 437 2943 Muitt
458 2867 518 2944 hie
537 2869 641 2942 iocur
666 2844 975 2942 eontinetnotata
995 2865 1110 2962 digna.
1161 2861 1279 2947 Primr

218 2991 313 3068 enim
339 2989 415 3066 haee
438 2985 529 3060 dixit
553 2987 711 3064 Hilarius
736 2987 780 3065 ad
799 2987 993 3066 enarranda
1013 2984 1137 3063 Psalmi
1153 2989 1272 3066 verba

216 3105 330 3203 „Cor
345 3128 464 3184 meum
479 3109 735 3186 conturbatum
751 3103 855 3185 estin
871 3129 941 3201 me,
967 3107 1000 3182 dt
1017 3105 1175 3184 formido
1188 3129 1279 3185 mor

135 3285 138 3292 .
216 3227 412 3304 tieeeerdit
429 3228 611 3322 superma,
637 3225 1277 3326 timorutremorvanitsuperme:r

215 3367 297 3442 qum
324 3347 368 3420 de
392 3343 534 3421 Christo
558 3347 786 3442 interpretari
814 3367 890 3420 non
911 3347 1064 3427 dubitat.
1119 3345 1271 3428 Deinde

216 3466 406 3564 guafinon
420 3464 501 3542 satis
518 3467 580 3558 srt,
608 3467 729 3546 cordis
747 3451 1006 3564 turbationem,
1033 3471 1214 3546 timorem,
1242 3493 1278 3546 at

215 3601 412 3686 tremorem
430 3584 571 3667 Christo
587 3589 804 3682 attribuisse,
832 3592 939 3666 etiam
954 3587 1150 3685 generatim
1167 3585 1214 3658 de
1233 3611 1277 3666 eu

213 3709 446 3805 pronuntiat:
479 3761 508 3802 „
520 3707 595 3782 Pati
612 3711 734 3786 omnia
748 3711 784 3782 in
800 3707 836 3785 se
853 3707 930 3799 ipso
948 3704 1182 3782 constituit.“
1232 3705 1277 3782 Er

212 3848 320 3926 mox:
346 3827 568 3918 „omninum
585 3821 915 3916 quaeintirmasunt,
932 3819 1184 3916 pertenuem
1231 3825 1277 3905 Er

215 3948 416 4036 continuoz
448 3943 685 4038 „Universa,
719 3963 796 4037 que
808 3944 938 4018 mortis
957 3941 1089 4020 nostre
1109 3939 1209 4037 sunt,
1238 3971 1276 4027 ar

214 4068 369 4160 umoris,
395 4065 594 4159 pertulit.“
645 4061 1055 4160 Tumattingitcausem,
1081 4072 1276 4155 euromnir

212 4186 330 4288 gessur
346 4186 407 4280 fit,
417 4185 687 4278 gundrimirum
698 4184 1275 4292 menpropterseirtecpertuitrit

213 4305 273 4388 sed
285 4323 327 4382 ut
350 4360 378 4402 „
391 4306 551 4380 humana·
560 4304 677 4381 salutis
691 4305 907 4383 sacramenta
917 4303 1156 4401 perficeret“
1191 4303 1275 4395 Par

213 4427 413 4520 rationem,
440 4446 509 4519 qua
530 4426 572 4506 sit
590 4423 727 4518 passus,
753 4428 925 4522 explieat:
955 4424 997 4526 a)
1012 4441 1152 4501 uncum
1175 4426 1275 4518 „dir

212 4543 412 4632 sterlinum
429 4545 584 4628 homnis
605 4541 803 4626 infirmitati
817 4544 884 4644 iit,
907 4547 1004 4659 intra
1020 4545 1057 4626 se
1070 4541 1182 4642 ipsum
1197 4568 1274 4638 per.

209 4657 218 4681 '
1106 4667 1228 4744 turba·
