<?xml version="1.0" encoding="UTF-8"?>
<!DOCTYPE html PUBLIC "-//W3C//DTD XHTML 1.0 Transitional//EN"
    "http://www.w3.org/TR/xhtml1/DTD/xhtml1-transitional.dtd">
<html xmlns="http://www.w3.org/1999/xhtml" xml:lang="en" lang="en">
 <head>
  <title>
</title>
<meta http-equiv="Content-Type" content="text/html;charset=utf-8" />
  <meta name='ocr-system' content='tesseract 3.04.00' />
  <meta name='ocr-capabilities' content='ocr_page ocr_carea ocr_par ocr_line ocrx_word'/>
</head>
<body>
  <div class='ocr_page' id='page_1' title='image "./operaomniasanct02librgoog_0194.png"; bbox 0 0 2717 5709; ppageno 0'>
   <div class='ocr_carea' id='block_1_1' title="bbox 192 1036 920 1133">
    <p class='ocr_par' dir='ltr' id='par_1_1' title="bbox 192 1036 920 1133">
     <span class='ocr_line' id='line_1_1' title="bbox 192 1036 920 1133; baseline 0 -16"><span class='ocrx_word' id='word_1_1' title='bbox 192 1058 240 1133; x_wconf 66' lang='grc' dir='ltr'>ιο</span> <span class='ocrx_word' id='word_1_2' title='bbox 528 1036 565 1119; x_wconf 78' lang='lat' dir='ltr'>S.</span> <span class='ocrx_word' id='word_1_3' title='bbox 614 1040 920 1119; x_wconf 77' lang='lat' dir='ltr'>H1auarr</span> 
     </span>
    </p>
   </div>
   <div class='ocr_carea' id='block_1_2' title="bbox 150 1201 1268 4883">
    <p class='ocr_par' dir='ltr' id='par_1_2' title="bbox 150 1201 1268 4697">
     <span class='ocr_line' id='line_1_2' title="bbox 189 1201 1268 1305; baseline -0.003 -18"><span class='ocrx_word' id='word_1_4' title='bbox 189 1201 667 1301; x_wconf 71' lang='lat' dir='ltr'>:andumpostptmimum</span> <span class='ocrx_word' id='word_1_5' title='bbox 678 1218 821 1301; x_wconf 78' lang='lat' dir='ltr'>tempus</span> <span class='ocrx_word' id='word_1_6' title='bbox 831 1206 999 1283; x_wconf 84' lang='lat' dir='ltr'>advenit:</span> <span class='ocrx_word' id='word_1_7' title='bbox 1027 1210 1163 1301; x_wconf 89' lang='lat' dir='ltr'>quique</span> <span class='ocrx_word' id='word_1_8' title='bbox 1177 1230 1268 1305; x_wconf 81' lang='lat' dir='ltr'>prae·</span> 
     </span>
     <span class='ocr_line' id='line_1_3' title="bbox 192 1304 1267 1403; baseline 0.002 -18"><span class='ocrx_word' id='word_1_9' title='bbox 192 1314 301 1385; x_wconf 88' lang='lat' dir='ltr'>terita</span> <span class='ocrx_word' id='word_1_10' title='bbox 315 1308 353 1381; x_wconf 90' lang='lat' dir='ltr'>in</span> <span class='ocrx_word' id='word_1_11' title='bbox 368 1307 517 1381; x_wconf 86' lang='lat' dir='ltr'>nihilum</span> <span class='ocrx_word' id='word_1_12' title='bbox 530 1304 690 1389; x_wconf 83' lang='lat' dir='ltr'>ducena,</span> <span class='ocrx_word' id='word_1_13' title='bbox 723 1308 840 1380; x_wconf 85' lang='lat' dir='ltr'>acrius</span> <span class='ocrx_word' id='word_1_14' title='bbox 855 1309 891 1381; x_wconf 91' lang='lat' dir='ltr'>in</span> <span class='ocrx_word' id='word_1_15' title='bbox 911 1308 1070 1401; x_wconf 80' lang='lat' dir='ltr'>nequitia</span> <span class='ocrx_word' id='word_1_16' title='bbox 1089 1314 1267 1403; x_wconf 79' lang='lat' dir='ltr'>prevale·</span> 
     </span>
     <span class='ocr_line' id='line_1_4' title="bbox 192 1402 1266 1503; baseline 0 -18"><span class='ocrx_word' id='word_1_17' title='bbox 192 1412 266 1487; x_wconf 87' lang='lat' dir='ltr'>bat.</span> <span class='ocrx_word' id='word_1_18' title='bbox 315 1406 411 1481; x_wconf 88' lang='lat' dir='ltr'>Nam</span> <span class='ocrx_word' id='word_1_19' title='bbox 433 1406 709 1497; x_wconf 87' lang='lat' dir='ltr'>comparatione</span> <span class='ocrx_word' id='word_1_20' title='bbox 722 1402 945 1497; x_wconf 90' lang='lat' dir='ltr'>sequentium</span> <span class='ocrx_word' id='word_1_21' title='bbox 958 1408 1054 1481; x_wconf 87' lang='lat' dir='ltr'>levia</span> <span class='ocrx_word' id='word_1_22' title='bbox 1065 1407 1159 1503; x_wconf 91' lang='lat' dir='ltr'>sunt,</span> <span class='ocrx_word' id='word_1_23' title='bbox 1185 1432 1266 1501; x_wconf 84' lang='lat' dir='ltr'>quae</span> 
     </span>
     <span class='ocr_line' id='line_1_5' title="bbox 192 1502 1265 1603; baseline 0.005 -20"><span class='ocrx_word' id='word_1_24' title='bbox 192 1505 323 1603; x_wconf 89' lang='lat' dir='ltr'>abipso</span> <span class='ocrx_word' id='word_1_25' title='bbox 330 1502 729 1603; x_wconf 83' lang='lat' dir='ltr'>primacommiss&#39;asuut.</span> <span class='ocrx_word' id='word_1_26' title='bbox 779 1504 924 1581; x_wconf 88' lang='lat' dir='ltr'>Etenim</span> <span class='ocrx_word' id='word_1_27' title='bbox 935 1526 1154 1603; x_wconf 88' lang='lat' dir='ltr'>peromnem</span> <span class='ocrx_word' id='word_1_28' title='bbox 1166 1513 1265 1588; x_wconf 91' lang='lat' dir='ltr'>viam</span> 
     </span>
     <span class='ocr_line' id='line_1_6' title="bbox 190 1601 1265 1703; baseline 0 -20"><span class='ocrx_word' id='word_1_29' title='bbox 190 1611 329 1685; x_wconf 80' lang='lat' dir='ltr'>reditus</span> <span class='ocrx_word' id='word_1_30' title='bbox 350 1603 402 1680; x_wconf 90' lang='lat' dir='ltr'>sui</span> <span class='ocrx_word' id='word_1_31' title='bbox 416 1601 611 1679; x_wconf 87' lang='lat' dir='ltr'>Eccleham</span> <span class='ocrx_word' id='word_1_32' title='bbox 630 1603 886 1701; x_wconf 84' lang='lat' dir='ltr'>subvertebat,</span> <span class='ocrx_word' id='word_1_33' title='bbox 924 1608 1111 1681; x_wconf 79' lang='lat' dir='ltr'>damnatos</span> <span class='ocrx_word' id='word_1_34' title='bbox 1127 1609 1265 1703; x_wconf 90' lang='lat' dir='ltr'>episco-</span> 
     </span>
     <span class='ocr_line' id='line_1_7' title="bbox 187 1704 1262 1811; baseline 0.001 -28"><span class='ocrx_word' id='word_1_35' title='bbox 187 1730 261 1811; x_wconf 88' lang='lat' dir='ltr'>poa</span> <span class='ocrx_word' id='word_1_36' title='bbox 279 1707 419 1799; x_wconf 86' lang='lat' dir='ltr'>aliquos</span> <span class='ocrx_word' id='word_1_37' title='bbox 433 1704 670 1785; x_wconf 83' lang='lat' dir='ltr'>restaurabat,</span> <span class='ocrx_word' id='word_1_38' title='bbox 697 1706 872 1797; x_wconf 81' lang='lat' dir='ltr'><strong>aliquibus</strong></span> <span class='ocrx_word' id='word_1_39' title='bbox 892 1704 986 1801; x_wconf 89' lang='lat' dir='ltr'>spem</span> <span class='ocrx_word' id='word_1_40' title='bbox 1010 1708 1053 1779; x_wconf 92' lang='lat' dir='ltr'>ad</span> <span class='ocrx_word' id='word_1_41' title='bbox 1075 1708 1262 1803; x_wconf 91' lang='lat' dir='ltr'>episcopa·</span> 
     </span>
     <span class='ocr_line' id='line_1_8' title="bbox 190 1804 1262 1899; baseline 0 -16"><span class='ocrx_word' id='word_1_42' title='bbox 190 1824 249 1883; x_wconf 81' lang='lat' dir='ltr'>tus</span> <span class='ocrx_word' id='word_1_43' title='bbox 263 1808 419 1881; x_wconf 89' lang='lat' dir='ltr'>reditum</span> <span class='ocrx_word' id='word_1_44' title='bbox 441 1806 696 1899; x_wconf 77' lang='lat' dir='ltr'>promittebat,</span> <span class='ocrx_word' id='word_1_45' title='bbox 725 1807 863 1899; x_wconf 87' lang='lat' dir='ltr'>aliquos</span> <span class='ocrx_word' id='word_1_46' title='bbox 883 1828 928 1881; x_wconf 83' lang='lat' dir='ltr'>ex</span> <span class='ocrx_word' id='word_1_47' title='bbox 949 1804 1152 1881; x_wconf 82' lang='lat' dir='ltr'>infidelibus</span> <span class='ocrx_word' id='word_1_48' title='bbox 1173 1830 1262 1883; x_wconf 92' lang='lat' dir='ltr'>con·</span> 
     </span>
     <span class='ocr_line' id='line_1_9' title="bbox 187 1903 1257 2011; baseline 0.003 -29"><span class='ocrx_word' id='word_1_49' title='bbox 187 1908 359 1983; x_wconf 83' lang='lat' dir='ltr'>stituebat</span> <span class='ocrx_word' id='word_1_50' title='bbox 380 1906 594 2002; x_wconf 81' lang='lat' dir='ltr'>episcopos,</span> <span class='ocrx_word' id='word_1_51' title='bbox 626 1903 730 1979; x_wconf 83' lang='lat' dir='ltr'>salvis</span> <span class='ocrx_word' id='word_1_52' title='bbox 753 1905 951 2011; x_wconf 86' lang='lat' dir='ltr'>&amp;integris</span> <span class='ocrx_word' id='word_1_53' title='bbox 966 1910 1257 1999; x_wconf 77' lang='lat' dir='ltr'>permanentibus</span> 
     </span>
     <span class='ocr_line' id='line_1_10' title="bbox 186 2002 1260 2103; baseline 0.001 -18"><span class='ocrx_word' id='word_1_54' title='bbox 186 2002 457 2099; x_wconf 82' lang='lat' dir='ltr'>sacerdotibus,</span> <span class='ocrx_word' id='word_1_55' title='bbox 492 2025 558 2101; x_wconf 90' lang='lat' dir='ltr'>per</span> <span class='ocrx_word' id='word_1_56' title='bbox 581 2005 770 2103; x_wconf 86' lang='lat' dir='ltr'>pugnas&amp;</span> <span class='ocrx_word' id='word_1_57' title='bbox 793 2006 906 2079; x_wconf 80' lang='lat' dir='ltr'>caedes</span> <span class='ocrx_word' id='word_1_58' title='bbox 922 2009 1132 2103; x_wconf 87' lang='lat' dir='ltr'>gentilium,</span> <span class='ocrx_word' id='word_1_59' title='bbox 1170 2012 1260 2087; x_wconf 91' lang='lat' dir='ltr'>nihil</span> 
     </span>
     <span class='ocr_line' id='line_1_11' title="bbox 183 2102 1260 2207; baseline 0 -22"><span class='ocrx_word' id='word_1_60' title='bbox 183 2106 378 2207; x_wconf 80' lang='lat' dir='ltr'>respiciens</span> <span class='ocrx_word' id='word_1_61' title='bbox 393 2106 506 2205; x_wconf 79' lang='lat' dir='ltr'>leger,</span> <span class='ocrx_word' id='word_1_62' title='bbox 531 2102 773 2199; x_wconf 78' lang='lat' dir='ltr'>desperationi</span> <span class='ocrx_word' id='word_1_63' title='bbox 788 2106 949 2183; x_wconf 75' lang='lat' dir='ltr'>tribuent</span> <span class='ocrx_word' id='word_1_64' title='bbox 965 2120 1096 2182; x_wconf 93' lang='lat' dir='ltr'>totum.</span> <span class='ocrx_word' id='word_1_65' title='bbox 1148 2107 1260 2185; x_wconf 86' lang='lat' dir='ltr'>Unde</span> 
     </span>
     <span class='ocr_line' id='line_1_12' title="bbox 184 2203 1256 2305; baseline -0.004 -23"><span class='ocrx_word' id='word_1_66' title='bbox 184 2210 364 2305; x_wconf 87' lang='lat' dir='ltr'>pervim,</span> <span class='ocrx_word' id='word_1_67' title='bbox 396 2227 462 2299; x_wconf 93' lang='lat' dir='ltr'>per</span> <span class='ocrx_word' id='word_1_68' title='bbox 484 2206 638 2300; x_wconf 75' lang='lat' dir='ltr'>cedern,</span> <span class='ocrx_word' id='word_1_69' title='bbox 664 2227 730 2301; x_wconf 92' lang='lat' dir='ltr'>per</span> <span class='ocrx_word' id='word_1_70' title='bbox 743 2208 899 2289; x_wconf 88' lang='lat' dir='ltr'>bellum,</span> <span class='ocrx_word' id='word_1_71' title='bbox 926 2203 1256 2284; x_wconf 80' lang='lat' dir='ltr'>Alexandrinorum</span> 
     </span>
     <span class='ocr_line' id='line_1_13' title="bbox 185 2302 1254 2401; baseline -0.003 -15"><span class='ocrx_word' id='word_1_72' title='bbox 185 2307 345 2386; x_wconf 79' lang='lat' dir='ltr'>basilicas</span> <span class='ocrx_word' id='word_1_73' title='bbox 368 2305 604 2401; x_wconf 83' lang='lat' dir='ltr'>depraedatur.</span> <span class='ocrx_word' id='word_1_74' title='bbox 656 2302 866 2381; x_wconf 85' lang='lat' dir='ltr'>Constituto</span> <span class='ocrx_word' id='word_1_75' title='bbox 885 2308 956 2399; x_wconf 76' lang='lat' dir='ltr'>Jam</span> <span class='ocrx_word' id='word_1_76' title='bbox 979 2307 1015 2381; x_wconf 94' lang='lat' dir='ltr'>in</span> <span class='ocrx_word' id='word_1_77' title='bbox 1039 2307 1114 2401; x_wconf 84' lang='lat' dir='ltr'>ejus</span> <span class='ocrx_word' id='word_1_78' title='bbox 1130 2307 1254 2383; x_wconf 90' lang='lat' dir='ltr'>locum</span> 
     </span>
     <span class='ocr_line' id='line_1_14' title="bbox 185 2402 1255 2505; baseline -0.005 -20"><span class='ocrx_word' id='word_1_79' title='bbox 185 2415 233 2485; x_wconf 84' lang='lat' dir='ltr'>&#39;ex</span> <span class='ocrx_word' id='word_1_80' title='bbox 260 2404 399 2502; x_wconf 82' lang='lat' dir='ltr'>jndicio</span> <span class='ocrx_word' id='word_1_81' title='bbox 428 2402 585 2481; x_wconf 86' lang='lat' dir='ltr'>Concilii</span> <span class='ocrx_word' id='word_1_82' title='bbox 606 2402 726 2481; x_wconf 80' lang='lat' dir='ltr'>sancto</span> <span class='ocrx_word' id='word_1_83' title='bbox 751 2408 945 2505; x_wconf 82' lang='lat' dir='ltr'>&amp;integro</span> <span class='ocrx_word' id='word_1_84' title='bbox 964 2404 1174 2499; x_wconf 88' lang='lat' dir='ltr'>sacerdote,</span> <span class='ocrx_word' id='word_1_85' title='bbox 1213 2421 1255 2481; x_wconf 94' lang='lat' dir='ltr'>ut</span> 
     </span>
     <span class='ocr_line' id='line_1_15' title="bbox 183 2502 1254 2605; baseline -0.004 -20"><span class='ocrx_word' id='word_1_86' title='bbox 183 2504 357 2585; x_wconf 79' lang='lat' dir='ltr'>barbarus</span> <span class='ocrx_word' id='word_1_87' title='bbox 374 2502 508 2583; x_wconf 85' lang='lat' dir='ltr'>hostis,</span> <span class='ocrx_word' id='word_1_88' title='bbox 542 2505 575 2579; x_wconf 83' lang='lat' dir='ltr'>dr</span> <span class='ocrx_word' id='word_1_89' title='bbox 599 2521 642 2578; x_wconf 90' lang='lat' dir='ltr'>ut</span> <span class='ocrx_word' id='word_1_90' title='bbox 655 2506 762 2600; x_wconf 86' lang='lat' dir='ltr'>pestis</span> <span class='ocrx_word' id='word_1_91' title='bbox 779 2504 947 2603; x_wconf 88' lang='lat' dir='ltr'>sacrilega</span> <span class='ocrx_word' id='word_1_92' title='bbox 964 2506 1121 2581; x_wconf 75' lang='lat' dir='ltr'>adduciis</span> <span class='ocrx_word' id='word_1_93' title='bbox 1140 2510 1254 2605; x_wconf 87' lang='lat' dir='ltr'>genti·</span> 
     </span>
     <span class='ocr_line' id='line_1_16' title="bbox 182 2605 1256 2701; baseline 0.001 -21"><span class='ocrx_word' id='word_1_94' title='bbox 182 2607 270 2697; x_wconf 74' lang='lat' dir='ltr'>litim</span> <span class='ocrx_word' id='word_1_95' title='bbox 297 2606 443 2701; x_wconf 80' lang='lat' dir='ltr'>populis</span> <span class='ocrx_word' id='word_1_96' title='bbox 466 2605 538 2681; x_wconf 91' lang='lat' dir='ltr'>Dei</span> <span class='ocrx_word' id='word_1_97' title='bbox 565 2608 737 2699; x_wconf 89' lang='lat' dir='ltr'>templum</span> <span class='ocrx_word' id='word_1_98' title='bbox 760 2607 942 2701; x_wconf 90' lang='lat' dir='ltr'>incendit,</span> <span class='ocrx_word' id='word_1_99' title='bbox 977 2610 1089 2683; x_wconf 88' lang='lat' dir='ltr'>altare</span> <span class='ocrx_word' id='word_1_100' title='bbox 1107 2610 1256 2681; x_wconf 89' lang='lat' dir='ltr'>commi·</span> 
     </span>
     <span class='ocr_line' id='line_1_17' title="bbox 184 2696 1252 2804; baseline -0.001 -18"><span class='ocrx_word' id='word_1_101' title='bbox 184 2710 286 2801; x_wconf 86' lang='lat' dir='ltr'>uuit,</span> <span class='ocrx_word' id='word_1_102' title='bbox 312 2706 347 2781; x_wconf 79' lang='lat' dir='ltr'>u</span> <span class='ocrx_word' id='word_1_103' title='bbox 365 2710 454 2780; x_wconf 91' lang='lat' dir='ltr'>clam</span> <span class='ocrx_word' id='word_1_104' title='bbox 472 2707 561 2780; x_wconf 85' lang='lat' dir='ltr'>exiit</span> <span class='ocrx_word' id='word_1_105' title='bbox 579 2706 625 2779; x_wconf 89' lang='lat' dir='ltr'>de</span> <span class='ocrx_word' id='word_1_106' title='bbox 644 2707 816 2802; x_wconf 87' lang='lat' dir='ltr'>civitate,</span> <span class='ocrx_word' id='word_1_107' title='bbox 842 2696 1060 2799; x_wconf 78' lang='lat' dir='ltr'>occulteque</span> <span class='ocrx_word' id='word_1_108' title='bbox 1076 2708 1252 2804; x_wconf 84' lang='lat' dir='ltr'>profugit.</span> 
     </span>
     <span class='ocr_line' id='line_1_18' title="bbox 282 2802 1251 2904; baseline 0 -25"><span class='ocrx_word' id='word_1_109' title='bbox 282 2829 317 2904; x_wconf 90' lang='lat'>9.</span> <span class='ocrx_word' id='word_1_110' title='bbox 341 2804 412 2882; x_wconf 86' lang='lat' dir='ltr'>Sed</span> <span class='ocrx_word' id='word_1_111' title='bbox 439 2806 484 2879; x_wconf 87' lang='lat' dir='ltr'>de</span> <span class='ocrx_word' id='word_1_112' title='bbox 515 2804 628 2879; x_wconf 92' lang='lat' dir='ltr'>Paulo</span> <span class='ocrx_word' id='word_1_113' title='bbox 652 2802 1065 2901; x_wconf 82' lang='lat' dir='ltr'>Constantinopolitanae</span> <span class='ocrx_word' id='word_1_114' title='bbox 1094 2810 1251 2881; x_wconf 85' lang='lat' dir='ltr'>civitatis</span> 
     </span>
     <span class='ocr_line' id='line_1_19' title="bbox 183 2904 1252 3001; baseline -0.001 -22"><span class='ocrx_word' id='word_1_115' title='bbox 183 2908 366 3001; x_wconf 90' lang='lat' dir='ltr'>quondam</span> <span class='ocrx_word' id='word_1_116' title='bbox 382 2904 556 3000; x_wconf 91' lang='lat' dir='ltr'>episcopo</span> <span class='ocrx_word' id='word_1_117' title='bbox 574 2906 655 3000; x_wconf 92' lang='lat' dir='ltr'>post</span> <span class='ocrx_word' id='word_1_118' title='bbox 670 2907 824 2981; x_wconf 90' lang='lat' dir='ltr'>reditum</span> <span class='ocrx_word' id='word_1_119' title='bbox 841 2912 935 2979; x_wconf 80' lang='lat' dir='ltr'>exilii</span> <span class='ocrx_word' id='word_1_120' title='bbox 954 2907 1023 3001; x_wconf 88' lang='lat' dir='ltr'>sui,</span> <span class='ocrx_word' id='word_1_121' title='bbox 1050 2908 1073 2980; x_wconf 88' lang='lat' dir='ltr'>sr</span> <span class='ocrx_word' id='word_1_122' title='bbox 1093 2907 1169 2998; x_wconf 91' lang='lat' dir='ltr'>quis</span> <span class='ocrx_word' id='word_1_123' title='bbox 1191 2929 1252 2978; x_wconf 90' lang='lat' dir='ltr'>au·</span> 
     </span>
     <span class='ocr_line' id='line_1_20' title="bbox 182 3005 1251 3100; baseline -0.001 -19"><span class='ocrx_word' id='word_1_124' title='bbox 182 3008 310 3100; x_wconf 90' lang='lat' dir='ltr'>dierit,</span> <span class='ocrx_word' id='word_1_125' title='bbox 346 3005 609 3099; x_wconf 87' lang='lat' dir='ltr'>perhorrescet.</span> <span class='ocrx_word' id='word_1_126' title='bbox 659 3006 776 3079; x_wconf 85' lang='lat' dir='ltr'>Fuere</span> <span class='ocrx_word' id='word_1_127' title='bbox 804 3030 956 3099; x_wconf 89' lang='lat' dir='ltr'>namque</span> <span class='ocrx_word' id='word_1_128' title='bbox 986 3008 1017 3079; x_wconf 67' lang='grc' dir='ltr'><strong>ἃ</strong></span> <span class='ocrx_word' id='word_1_129' title='bbox 1042 3009 1077 3079; x_wconf 92' lang='lat' dir='ltr'>in</span> <span class='ocrx_word' id='word_1_130' title='bbox 1099 3006 1251 3097; x_wconf 85' lang='lat' dir='ltr'>Ancyra</span> 
     </span>
     <span class='ocr_line' id='line_1_21' title="bbox 179 3100 1251 3203; baseline -0.001 -25"><span class='ocrx_word' id='word_1_131' title='bbox 179 3106 547 3203; x_wconf 85' lang='lat' dir='ltr'>prouinciaGalatiae,</span> <span class='ocrx_word' id='word_1_132' title='bbox 573 3100 815 3197; x_wconf 85' lang='lat' dir='ltr'>postreditum</span> <span class='ocrx_word' id='word_1_133' title='bbox 825 3106 1170 3196; x_wconf 81' lang='lat' dir='ltr'>Marceliihaeretici,</span> <span class='ocrx_word' id='word_1_134' title='bbox 1185 3110 1251 3177; x_wconf 80' lang='lat' dir='ltr'>do·</span> 
     </span>
     <span class='ocr_line' id='line_1_22' title="bbox 180 3204 1248 3298; baseline -0.006 -14"><span class='ocrx_word' id='word_1_135' title='bbox 180 3228 324 3284; x_wconf 87' lang='lat' dir='ltr'>morum</span> <span class='ocrx_word' id='word_1_136' title='bbox 345 3207 522 3297; x_wconf 88' lang='lat' dir='ltr'>incendia,</span> <span class='ocrx_word' id='word_1_137' title='bbox 548 3204 584 3277; x_wconf 79' lang='lat' dir='ltr'>dr</span> <span class='ocrx_word' id='word_1_138' title='bbox 606 3227 739 3298; x_wconf 89' lang='lat' dir='ltr'>genera</span> <span class='ocrx_word' id='word_1_139' title='bbox 755 3206 893 3279; x_wconf 90' lang='lat' dir='ltr'>diversa</span> <span class='ocrx_word' id='word_1_140' title='bbox 906 3209 1094 3279; x_wconf 86' lang='lat' dir='ltr'>bellorum.</span> <span class='ocrx_word' id='word_1_141' title='bbox 1146 3204 1248 3278; x_wconf 90' lang='lat' dir='ltr'>Nudi</span> 
     </span>
     <span class='ocr_line' id='line_1_23' title="bbox 182 3305 1250 3402; baseline -0.003 -20"><span class='ocrx_word' id='word_1_142' title='bbox 182 3308 227 3383; x_wconf 82' lang='lat' dir='ltr'>ab</span> <span class='ocrx_word' id='word_1_143' title='bbox 258 3305 334 3401; x_wconf 90' lang='lat' dir='ltr'>ipso</span> <span class='ocrx_word' id='word_1_144' title='bbox 361 3308 404 3379; x_wconf 89' lang='lat' dir='ltr'>ad</span> <span class='ocrx_word' id='word_1_145' title='bbox 429 3306 550 3379; x_wconf 87' lang='lat' dir='ltr'>sorum</span> <span class='ocrx_word' id='word_1_146' title='bbox 568 3306 802 3379; x_wconf 88' lang='lat' dir='ltr'>trahebantur</span> <span class='ocrx_word' id='word_1_147' title='bbox 818 3308 1040 3402; x_wconf 84' lang='lat' dir='ltr'>presbyteri,</span> <span class='ocrx_word' id='word_1_148' title='bbox 1068 3306 1120 3395; x_wconf 80' lang='lat' dir='ltr'>dr,</span> <span class='ocrx_word' id='word_1_149' title='bbox 1148 3305 1250 3397; x_wconf 91' lang='lat' dir='ltr'>quod</span> 
     </span>
     <span class='ocr_line' id='line_1_24' title="bbox 180 3404 1249 3499; baseline -0.005 -19"><span class='ocrx_word' id='word_1_150' title='bbox 180 3428 264 3499; x_wconf 74' lang='lat' dir='ltr'>cum</span> <span class='ocrx_word' id='word_1_151' title='bbox 285 3408 452 3498; x_wconf 83' lang='lat' dir='ltr'>lacrymis</span> <span class='ocrx_word' id='word_1_152' title='bbox 472 3404 640 3495; x_wconf 72' lang='lat' dir='ltr'>ludiuque</span> <span class='ocrx_word' id='word_1_153' title='bbox 656 3408 868 3499; x_wconf 87' lang='lat' dir='ltr'>dicendum,</span> <span class='ocrx_word' id='word_1_154' title='bbox 903 3406 1149 3480; x_wconf 86' lang='lat' dir='ltr'>consecratum</span> <span class='ocrx_word' id='word_1_155' title='bbox 1169 3406 1249 3477; x_wconf 90' lang='lat' dir='ltr'>Do·</span> 
     </span>
     <span class='ocr_line' id='line_1_25' title="bbox 179 3504 1249 3602; baseline -0.007 -19"><span class='ocrx_word' id='word_1_156' title='bbox 179 3508 266 3583; x_wconf 85' lang='lat' dir='ltr'>mini</span> <span class='ocrx_word' id='word_1_157' title='bbox 286 3527 418 3601; x_wconf 90' lang='lat' dir='ltr'>corpus</span> <span class='ocrx_word' id='word_1_158' title='bbox 431 3506 475 3577; x_wconf 87' lang='lat' dir='ltr'>ad</span> <span class='ocrx_word' id='word_1_159' title='bbox 491 3504 715 3579; x_wconf 88' lang='lat' dir='ltr'>sacerdotum</span> <span class='ocrx_word' id='word_1_160' title='bbox 732 3509 827 3580; x_wconf 90' lang='lat' dir='ltr'>colla</span> <span class='ocrx_word' id='word_1_161' title='bbox 843 3505 1041 3602; x_wconf 86' lang='lat' dir='ltr'>suspensum</span> <span class='ocrx_word' id='word_1_162' title='bbox 1058 3510 1169 3599; x_wconf 88' lang='lat' dir='ltr'>palam</span> <span class='ocrx_word' id='word_1_163' title='bbox 1183 3528 1249 3597; x_wconf 91' lang='lat' dir='ltr'>pu·</span> 
     </span>
     <span class='ocr_line' id='line_1_26' title="bbox 179 3604 1247 3703; baseline -0.003 -22"><span class='ocrx_word' id='word_1_164' title='bbox 179 3606 345 3697; x_wconf 89' lang='lat' dir='ltr'>bliceque</span> <span class='ocrx_word' id='word_1_165' title='bbox 376 3604 613 3700; x_wconf 87' lang='lat' dir='ltr'>profanabat,</span> <span class='ocrx_word' id='word_1_166' title='bbox 655 3610 887 3703; x_wconf 87' lang='lat' dir='ltr'>virginesque</span> <span class='ocrx_word' id='word_1_167' title='bbox 916 3605 1131 3681; x_wconf 77' lang='lat' dir='ltr'>santiiffimas</span> <span class='ocrx_word' id='word_1_168' title='bbox 1163 3606 1247 3678; x_wconf 83' lang='lat' dir='ltr'>Deo</span> 
     </span>
     <span class='ocr_line' id='line_1_27' title="bbox 179 3703 1247 3801; baseline -0.005 -22"><span class='ocrx_word' id='word_1_169' title='bbox 179 3703 398 3797; x_wconf 83' lang='lat' dir='ltr'>Christoque</span> <span class='ocrx_word' id='word_1_170' title='bbox 414 3705 548 3779; x_wconf 81' lang='lat' dir='ltr'>dicatas</span> <span class='ocrx_word' id='word_1_171' title='bbox 564 3706 709 3800; x_wconf 91' lang='lat' dir='ltr'>publice</span> <span class='ocrx_word' id='word_1_172' title='bbox 724 3710 761 3780; x_wconf 93' lang='lat' dir='ltr'>in</span> <span class='ocrx_word' id='word_1_173' title='bbox 776 3708 875 3801; x_wconf 90' lang='lat' dir='ltr'>s0r0,</span> <span class='ocrx_word' id='word_1_174' title='bbox 903 3710 1019 3781; x_wconf 85' lang='lat' dir='ltr'>media</span> <span class='ocrx_word' id='word_1_175' title='bbox 1034 3705 1247 3798; x_wconf 88' lang='lat' dir='ltr'>incivitate,</span> 
     </span>
     <span class='ocr_line' id='line_1_28' title="bbox 180 3806 1250 3899; baseline -0.002 -20"><span class='ocrx_word' id='word_1_176' title='bbox 180 3806 480 3880; x_wconf 87' lang='lat' dir='ltr'>concurrentibus</span> <span class='ocrx_word' id='word_1_177' title='bbox 497 3806 656 3899; x_wconf 81' lang='lat' dir='ltr'>populis,</span> <span class='ocrx_word' id='word_1_178' title='bbox 681 3806 1040 3897; x_wconf 74' lang='lat' dir='ltr'>abiimdtisvestibus,</span> <span class='ocrx_word' id='word_1_179' title='bbox 1066 3806 1250 3877; x_wconf 86' lang='lat' dir='ltr'>horrenda</span> 
     </span>
     <span class='ocr_line' id='line_1_29' title="bbox 180 3903 1248 3996; baseline -0.003 -17"><span class='ocrx_word' id='word_1_180' title='bbox 180 3903 343 3980; x_wconf 83' lang='lat' dir='ltr'>foeditate</span> <span class='ocrx_word' id='word_1_181' title='bbox 366 3907 536 3980; x_wconf 90' lang='lat' dir='ltr'>nudabat.</span> <span class='ocrx_word' id='word_1_182' title='bbox 588 3906 659 3979; x_wconf 87' lang='lat' dir='ltr'>Sed</span> <span class='ocrx_word' id='word_1_183' title='bbox 683 3908 720 3980; x_wconf 92' lang='lat' dir='ltr'>in</span> <span class='ocrx_word' id='word_1_184' title='bbox 745 3907 895 3978; x_wconf 91' lang='lat' dir='ltr'>civitate</span> <span class='ocrx_word' id='word_1_185' title='bbox 920 3906 1020 3977; x_wconf 86' lang='lat' dir='ltr'>Gaza</span> <span class='ocrx_word' id='word_1_186' title='bbox 1045 3904 1248 3996; x_wconf 81' lang='lat' dir='ltr'>provinciae</span> 
     </span>
     <span class='ocr_line' id='line_1_30' title="bbox 150 4000 1249 4101; baseline -0.001 -24"><span class='ocrx_word' id='word_1_187' title='bbox 150 4042 156 4059; x_wconf 90' lang='lat'><strong>·</strong></span> <span class='ocrx_word' id='word_1_188' title='bbox 179 4000 370 4078; x_wconf 85' lang='lat' dir='ltr'>Palaestinae</span> <span class='ocrx_word' id='word_1_189' title='bbox 388 4004 469 4099; x_wconf 92' lang='lat' dir='ltr'>post</span> <span class='ocrx_word' id='word_1_190' title='bbox 482 4005 636 4081; x_wconf 88' lang='lat' dir='ltr'>reditum</span> <span class='ocrx_word' id='word_1_191' title='bbox 655 4003 754 4078; x_wconf 90' lang='lat' dir='ltr'>suum</span> <span class='ocrx_word' id='word_1_192' title='bbox 773 4003 942 4101; x_wconf 83' lang='lat' dir='ltr'>Asclepas</span> <span class='ocrx_word' id='word_1_193' title='bbox 963 4007 1074 4077; x_wconf 84' lang='lat' dir='ltr'>altare</span> <span class='ocrx_word' id='word_1_194' title='bbox 1099 4006 1249 4079; x_wconf 91' lang='lat' dir='ltr'>commi·</span> 
     </span>
     <span class='ocr_line' id='line_1_31' title="bbox 179 4102 1249 4197; baseline -0.002 -18"><span class='ocrx_word' id='word_1_195' title='bbox 179 4106 282 4196; x_wconf 90' lang='lat' dir='ltr'>nuit,</span> <span class='ocrx_word' id='word_1_196' title='bbox 308 4105 510 4197; x_wconf 90' lang='lat' dir='ltr'>multasque</span> <span class='ocrx_word' id='word_1_197' title='bbox 526 4104 721 4178; x_wconf 87' lang='lat' dir='ltr'>seditiones</span> <span class='ocrx_word' id='word_1_198' title='bbox 743 4102 877 4182; x_wconf 89' lang='lat' dir='ltr'>effecit.</span> <span class='ocrx_word' id='word_1_199' title='bbox 927 4104 1104 4179; x_wconf 82' lang='lat' dir='ltr'>Praeterea</span> <span class='ocrx_word' id='word_1_200' title='bbox 1119 4104 1249 4178; x_wconf 88' lang='lat' dir='ltr'>Hadri·</span> 
     </span>
     <span class='ocr_line' id='line_1_32' title="bbox 178 4200 1249 4299; baseline -0.005 -20"><span class='ocrx_word' id='word_1_201' title='bbox 178 4206 328 4299; x_wconf 88' lang='lat' dir='ltr'>anopoli</span> <span class='ocrx_word' id='word_1_202' title='bbox 351 4204 486 4277; x_wconf 87' lang='lat' dir='ltr'>Lucius</span> <span class='ocrx_word' id='word_1_203' title='bbox 512 4206 594 4296; x_wconf 91' lang='lat' dir='ltr'>post</span> <span class='ocrx_word' id='word_1_204' title='bbox 616 4206 771 4279; x_wconf 86' lang='lat' dir='ltr'>reditum</span> <span class='ocrx_word' id='word_1_205' title='bbox 790 4203 888 4280; x_wconf 90' lang='lat' dir='ltr'>suum</span> <span class='ocrx_word' id='word_1_206' title='bbox 905 4200 1114 4279; x_wconf 86' lang='lat' dir='ltr'>sacrificium</span> <span class='ocrx_word' id='word_1_207' title='bbox 1133 4226 1152 4278; x_wconf 93' lang='lat' dir='ltr'>a</span> <span class='ocrx_word' id='word_1_208' title='bbox 1173 4204 1249 4277; x_wconf 90' lang='lat' dir='ltr'>sau-</span> 
     </span>
     <span class='ocr_line' id='line_1_33' title="bbox 177 4302 1248 4401; baseline -0.004 -24"><span class='ocrx_word' id='word_1_209' title='bbox 177 4302 243 4378; x_wconf 72' lang='lat' dir='ltr'>etis</span> <span class='ocrx_word' id='word_1_210' title='bbox 269 4304 303 4377; x_wconf 81' lang='lat' dir='ltr'>u</span> <span class='ocrx_word' id='word_1_211' title='bbox 327 4306 474 4401; x_wconf 80' lang='lat' dir='ltr'>integris</span> <span class='ocrx_word' id='word_1_212' title='bbox 500 4303 745 4379; x_wconf 87' lang='lat' dir='ltr'>sacerdotibus</span> <span class='ocrx_word' id='word_1_213' title='bbox 759 4304 988 4400; x_wconf 74' lang='lat' dir='ltr'>consocium,</span> <span class='ocrx_word' id='word_1_214' title='bbox 1021 4304 1112 4379; x_wconf 80' lang='lat' dir='ltr'>usas</span> <span class='ocrx_word' id='word_1_215' title='bbox 1130 4302 1180 4375; x_wconf 91' lang='lat' dir='ltr'>est</span> <span class='ocrx_word' id='word_1_216' title='bbox 1196 4304 1248 4373; x_wconf 88' lang='lat' dir='ltr'>di-</span> 
     </span>
     <span class='ocr_line' id='line_1_34' title="bbox 177 4400 1248 4503; baseline -0.002 -24"><span class='ocrx_word' id='word_1_217' title='bbox 177 4425 275 4496; x_wconf 89' lang='lat' dir='ltr'>cere,</span> <span class='ocrx_word' id='word_1_218' title='bbox 302 4407 448 4479; x_wconf 91' lang='lat' dir='ltr'>canibus</span> <span class='ocrx_word' id='word_1_219' title='bbox 460 4406 721 4500; x_wconf 91' lang='lat' dir='ltr'>projiciendum</span> <span class='ocrx_word' id='word_1_220' title='bbox 736 4407 898 4499; x_wconf 88' lang='lat' dir='ltr'>jubebat.</span> <span class='ocrx_word' id='word_1_221' title='bbox 949 4406 1061 4503; x_wconf 91' lang='lat' dir='ltr'>Igitur</span> <span class='ocrx_word' id='word_1_222' title='bbox 1076 4400 1248 4477; x_wconf 83' lang='lat' dir='ltr'>cumhaec</span> 
     </span>
     <span class='ocr_line' id='line_1_35' title="bbox 175 4503 1247 4598; baseline 0.001 -22"><span class='ocrx_word' id='word_1_223' title='bbox 175 4504 227 4577; x_wconf 89' lang='lat' dir='ltr'>ita</span> <span class='ocrx_word' id='word_1_224' title='bbox 248 4504 337 4598; x_wconf 91' lang='lat' dir='ltr'>smt,</span> <span class='ocrx_word' id='word_1_225' title='bbox 374 4528 458 4579; x_wconf 92' lang='lat' dir='ltr'>num</span> <span class='ocrx_word' id='word_1_226' title='bbox 483 4506 650 4597; x_wconf 91' lang='lat' dir='ltr'>quidnam</span> <span class='ocrx_word' id='word_1_227' title='bbox 673 4506 765 4598; x_wconf 88' lang='lat' dir='ltr'>lupis</span> <span class='ocrx_word' id='word_1_228' title='bbox 790 4508 899 4579; x_wconf 88' lang='lat' dir='ltr'>tantis</span> <span class='ocrx_word' id='word_1_229' title='bbox 926 4528 967 4577; x_wconf 92' lang='lat' dir='ltr'>ac</span> <span class='ocrx_word' id='word_1_230' title='bbox 996 4503 1124 4576; x_wconf 81' lang='lat' dir='ltr'>talibus</span> <span class='ocrx_word' id='word_1_231' title='bbox 1149 4522 1247 4577; x_wconf 83' lang='lat' dir='ltr'>oues</span> 
     </span>
     <span class='ocr_line' id='line_1_36' title="bbox 175 4600 1251 4697; baseline 0.008 -24"><span class='ocrx_word' id='word_1_232' title='bbox 175 4600 304 4677; x_wconf 87' lang='lat' dir='ltr'>Christi</span> <span class='ocrx_word' id='word_1_233' title='bbox 335 4607 377 4677; x_wconf 93' lang='lat' dir='ltr'>ad</span> <span class='ocrx_word' id='word_1_234' title='bbox 408 4607 481 4679; x_wconf 91' lang='lat' dir='ltr'>huc</span> <span class='ocrx_word' id='word_1_235' title='bbox 501 4626 614 4695; x_wconf 84' lang='lat' dir='ltr'>usque</span> <span class='ocrx_word' id='word_1_236' title='bbox 638 4605 836 4697; x_wconf 87' lang='lat' dir='ltr'>credimus,</span> <span class='ocrx_word' id='word_1_237' title='bbox 875 4606 1090 4680; x_wconf 85' lang='lat' dir='ltr'>&amp;membra</span> <span class='ocrx_word' id='word_1_238' title='bbox 1114 4600 1251 4681; x_wconf 86' lang='lat' dir='ltr'>Christi</span> 
     </span>
    </p>

    <p class='ocr_par' dir='ltr' id='par_1_3' title="bbox 151 4703 1133 4882">
     <span class='ocr_line' id='line_1_37' title="bbox 151 4703 1133 4882; baseline 0.004 -107"><span class='ocrx_word' id='word_1_239' title='bbox 151 4705 324 4780; x_wconf 79' lang='lat' dir='ltr'>membra</span> <span class='ocrx_word' id='word_1_240' title='bbox 344 4704 599 4785; x_wconf 78' lang='lat' dir='ltr'>fornicatoriae</span> <span class='ocrx_word' id='word_1_241' title='bbox 622 4703 823 4783; x_wconf 67' lang='lat' dir='ltr'>faciemus?</span> <span class='ocrx_word' id='word_1_242' title='bbox 850 4704 964 4785; x_wconf 81' lang='lat' dir='ltr'>Abfit.</span> <span class='ocrx_word' id='word_1_243' title='bbox 1095 4801 1133 4882; x_wconf 74' lang='lat' dir='ltr'>N</span> 
     </span>
    </p>

    <p class='ocr_par' dir='ltr' id='par_1_4' title="bbox 1011 4826 1194 4883">
     <span class='ocr_line' id='line_1_38' title="bbox 1011 4826 1194 4883; baseline -0.011 0"><span class='ocrx_word' id='word_1_244' title='bbox 1011 4828 1072 4883; x_wconf 53' lang='lat' dir='ltr'>xo·</span> <span class='ocrx_word' id='word_1_245' title='bbox 1137 4826 1194 4881; x_wconf 69' lang='lat' dir='ltr'>am</span> 
     </span>
    </p>
   </div>
   <div class='ocr_carea' id='block_1_3' title="bbox 0 0 1364 5709">
    <p class='ocr_par' dir='ltr' id='par_1_5' title="bbox 0 0 1364 5709">
     <span class='ocr_line' id='line_1_39' title="bbox 0 0 1364 5709; baseline 0 5"><span class='ocrx_word' id='word_1_246' title='bbox 0 0 1364 5709; x_wconf 95' lang='lat' dir='ltr'> </span> 
     </span>
    </p>
   </div>
  </div>
 </body>
</html>
