2717 5709
168 1120 220 1207 92
452 1092 542 1215 .⁵·
591 1094 939 1217 Hiereia-¹

172 1252 314 1341 cubinis
331 1256 477 1353 publice
492 1256 527 1329 dt
541 1260 788 1333 meretricibus
801 1256 1025 1355 fornicetur,
1052 1261 1242 1357 culusma-¹

170 1362 374 1439 lelicioium
391 1356 753 1433 librosMacedonius
769 1358 958 1454 episcopus
975 1374 1083 1453 atque
1098 1364 1240 1439 confes·

170 1458 233 1539 sor
251 1484 270 1535 a
287 1456 421 1551 Mopso
443 1456 641 1533 combussit.
691 1456 762 1531 Sed
782 1456 990 1533 &Eustasio
1007 1460 1238 1553 &Quimatio

170 1560 375 1635 adherebat
390 1556 532 1651 pellime
545 1556 579 1628 u
594 1556 722 1631 charus
737 1556 826 1652 suit,
853 1559 898 1631 de
917 1578 1069 1653 quorum
1086 1564 1172 1652 vitai
1183 1564 1235 1639 in·

168 1660 278 1739 samia
303 1658 398 1749 turpi
422 1654 612 1731 dicendum
637 1658 724 1732 nihil
749 1658 818 1732 est:
849 1658 966 1732 exitus
983 1661 1076 1735 enim
1091 1662 1238 1739 illorum

170 1780 239 1835 eos
262 1758 429 1831 omnibus
451 1757 659 1831 declaravit.
723 1756 789 1831 His
813 1758 934 1851 itaque
951 1780 992 1833 ac
1013 1760 1144 1834 talibus
1156 1762 1239 1855 jun·

108 1930 111 1935 ,
170 1858 249 1933 dius
273 1858 318 1931 ab
331 1858 436 1930 initio
451 1854 587 1949 Ollius,
615 1857 793 1931 sceleratis
812 1857 947 1951 semper
966 1858 1116 1953 favens,
1149 1881 1239 1939 cou-

168 1968 228 2039 tia
246 1954 439 2031 Ecelcssam
457 1957 650 2047 veniebat,
684 1953 883 2031 &inimicis
905 1957 974 2031 Dei
992 1956 1130 2053 semper
1146 1961 1240 2035 sere·

168 2058 235 2134 liat
252 2056 434 2133 auxilium.
484 2056 722 2131 Maximinum
735 2078 827 2129 vero
843 2056 1056 2151 aTriveris‚
1082 2073 1238 2153 propter

170 2158 272 2249 quod
293 2158 451 2251 collegas
464 2156 607 2229 nostros
624 2154 832 2250 episcopos,
857 2177 948 2247 quos
967 2160 1009 2231 ad
1027 2158 1160 2232 Gallias
1174 2162 1238 2234 mi·

166 2254 1234 2349 seramus,nolueritsuscipere‚&quoniaml’uuloConstan·

167 2357 433 2451 neopolitano,
459 2356 599 2431 nefario
621 2355 759 2430 homini
775 2376 817 2430 ac
834 2358 994 2450 perdito,
1021 2360 1153 2451 primus
1163 2357 1238 2455 ipse

167 2456 478 2551 communicavit,
512 2454 547 2529 u
568 2455 667 2548 quod
686 2454 758 2550 ipse
772 2469 882 2530 tantae
903 2457 1012 2531 cladis
1030 2458 1130 2533 causa
1146 2459 1236 2555 suit,

165 2570 212 2631 ut
226 2556 353 2630 Paulus
365 2557 409 2629 ad
416 2552 770 2651 Constantinopolim
785 2559 971 2631 civitatem
983 2574 1238 2643 revocaretur,

164 2654 436 2753 propterquod
456 2656 649 2730 homicidia
663 2656 775 2730 multa
793 2656 884 2730 faita
900 2657 991 2733 sunt.
1043 2656 1154 2733 Causa
1174 2660 1239 2755 igi·

166 2768 230 2830 tur
246 2753 524 2830 homicidiorum
533 2755 799 2849 tantorumipse
809 2757 892 2850 fide,
919 2760 979 2849 qui
989 2756 1133 2833 Paulum
1147 2759 1236 2833 olim

166 2855 372 2933 damnatum
394 2855 436 2927 ad
455 2853 808 2947 Constantinopolim
822 2859 1028 2932 revocavit.

271 2963 327 3035 ²8.
354 2955 509 3048 Propter
534 2956 596 3028 lias
618 2953 726 3047 igitur
741 2954 859 3027 causas
872 2956 1002 3048 justum
1019 2955 1120 3027 duxit
1139 2952 1236 3028 Con-

164 3054 314 3145 cilium,
340 3068 381 3128 ut
397 3057 530 3150 Julium
548 3056 645 3127 urbis
665 3054 811 3146 Romae,
840 3054 873 3127 dt
894 3056 1048 3145 Ollium,
1076 3068 1237 3129 ceteros·

163 3175 239 3250 que
270 3155 371 3247 supra
400 3170 623 3230 memoratos
651 3153 868 3248 discingeret
905 3169 1012 3245 atque
1041 3155 1235 3232 damnaret.

166 3258 263 3355 Quae
280 3276 360 3329 cuni
380 3256 533 3345 irasmi,
560 3253 740 3327 custodire
756 3276 826 3328 vos
845 3256 888 3327 ab
905 3256 983 3348 ipsis
1006 3255 1038 3327 u
1060 3251 1237 3328 abstinere

161 3356 328 3447 debetis,
367 3353 569 3431 dilestissimi
595 3354 759 3432 Fratres,
795 3375 864 3428 nec
888 3376 953 3429 eor
977 3355 1168 3446 aliquando
1190 3356 1236 3428 ed

163 3458 459 3529 communionem
481 3453 634 3528 vestram
658 3454 867 3528 admittere:
903 3453 961 3527 sed
990 3476 1058 3526 iiec
1077 3452 1234 3546 ipsorum

161 3554 303 3631 litteras
322 3556 500 3645 accipere,
525 3575 593 3626 nec
608 3556 651 3624 ad
667 3557 750 3626 illos
770 3556 907 3627 litteras
927 3556 1122 3628 dominicas
1138 3556 1232 3627 dare.

159 3651 216 3733 Et
237 3658 405 3746 quoniam
432 3654 647 3725 catholicam
674 3654 708 3726 di
731 3652 965 3745 apostolicam
984 3654 1089 3727 fidem
1105 3654 1232 3723 volue-

162 3770 251 3827 runt
268 3755 463 3850 infringere
485 3755 529 3845 ii,
565 3753 721 3843 quicum
740 3752 841 3827 Osio
857 3771 979 3842 erant,
1006 3753 1235 3823 inducentes·

163 3876 238 3946 que
258 3876 394 3928 novam
408 3852 533 3927 sestam
553 3856 589 3927 iii
612 3853 694 3926 Deo
711 3854 843 3926 croniti
861 3853 1024 3924 Marcelli
1044 3853 1154 3923 mixta
1171 3848 1231 3922 Sa·

161 3954 276 4029 bellio
300 3956 334 4024 dc
354 3953 487 4044 Paulo,
514 3956 597 4027 inde
615 3970 747 4041 aitem3
775 3951 969 4026 necessario
985 3949 1234 4024 ordinavimus

161 4052 353 4127 catholicre
377 4050 544 4124 Ecclesia
573 4050 699 4142 fidem,
741 4073 844 4141 quam
864 4063 1091 4145 negaverunt
1113 4047 1232 4141 supra·

159 4149 271 4241 dieti,
307 4150 469 4241 quicum
491 4150 709 4239 Oiliosunt,
749 4152 977 4223 &Marcello
999 4150 1157 4223 haeretici
1178 4152 1233 4223 in·

158 4253 354 4341 duxerunt.
406 4248 637 4341 Consequens
661 4251 734 4343 est,
772 4265 812 4322 ut
834 4252 990 4347 acceptis
1014 4250 1142 4323 litteris
1162 4271 1232 4321 no·

155 4352 241 4429 uris
259 4349 381 4448 singuli
407 4349 614 4424 consensum
630 4352 713 4423 liuic
729 4350 912 4424 sententie
931 4352 1228 4439 commodantes,

159 4452 309 4527 decreta
322 4449 440 4525 nostra
456 4452 603 4543 propria
618 4449 878 4545 subscriptione
892 4452 1046 4549 signetis.
1099 4446 1158 4520 Est
1170 4467 1232 4520 au·

155 4562 235 4633 teni
252 4550 341 4627 fides
359 4550 479 4624 nostra
497 4552 589 4625 talis.

257 4673 317 4745 29.
345 4648 531 4726 Credimus
543 4653 578 4724 in
592 4672 702 4725 unum
717 4650 836 4725 Deum
848 4666 986 4747 patrem
996 4648 1230 4739 omnipoten-

129 4754 231 4841 rem,
272 4748 532 4835 institutorem
558 4751 595 4835 ἀ
619 4766 826 4834 creatorem
850 4753 1034 4848 curuum,
1072 4770 1118 4822 ex
1148 4767 1226 4859 9110

1067 4867 1187 4925 ouius
