2717 5709
278 1250 345 1305 x
900 1228 1445 1310 Summanu
1512 1231 1820 1311 cmrs

291 1392 411 1469 tia
462 1412 751 1471 carnem
796 1388 987 1469 suam
1033 1392 1329 1495 sumsisse
1359 1396 1790 1472 crediderit:
1841 1396 2098 1473 abierit
2123 1398 2432 1495 proinde

298 1514 384 1589 in
435 1511 799 1591 absurdam
833 1514 1021 1589 illam
1056 1514 1526 1611 opinionem,
1593 1538 1750 1611 quae
1782 1518 2205 1610 aliquamdiu
2233 1518 2430 1595 inter

300 1632 733 1712 Corinthios
751 1648 1169 1733 pervagata,
1222 1632 1588 1713 Athanasii
1607 1638 1694 1715 ad
1713 1636 2108 1732 Epictetum
2129 1638 2432 1734 epistola

309 1758 570 1831 acriter
611 1758 965 1853 exagitata
996 1755 1143 1850 est,
1200 1779 1337 1849 qua
1375 1758 2019 1833 nimirum-carnem
2047 1756 2303 1833 Christi
2325 1758 2430 1833 di-

302 1880 497 1955 vinae
526 1893 797 1953 naturae
830 1876 1492 1954 consubstantialem
1528 1874 1670 1953 ess'e'
1711 1877 2183 1972 disputabant.
2215 1912 2220 1917 ·

506 1995 823 2074 Eandem
868 1996 1391 2075 accusationem
1435 1998 1704 2093 repetit
1750 1996 2087 2074 Erasmus
2126 2000 2200 2073 in
2243 1998 2428 2073 Prte-

302 2116 431 2197 fut.
472 2118 545 2193 in
576 2116 957 2192 Hilarium:
1006 2117 1301 2210 „Libro
1332 2116 1503 2213 111„
1554 2121 1824 2213 inquit,
1878 2117 1994 2213 sed
2017 2120 2238 2217 magia
2259 2120 2425 2197 Lib.

303 2240 390 2315 X.
426 2239 524 2314 fic
558 2239 881 2331 loquitur
919 2238 1011 2312 de
1046 2255 1364 2331 corpore
1397 2235 1696 2331 Christi,
1759 2254 1843 2313 ut
1887 2240 2148 2315 sentire
2187 2234 2430 2316 videass

301 2372 450 2454 tur,
501 2360 805 2434 Mariam
838 2357 1211 2456 Virginem
1251 2372 1507 2452 praeter
1535 2359 2022 2456 concipiendi,
2081 2360 2425 2459 gestandi,

304 2479 375 2555 dt
402 2478 723 2575 pariendi
764 2477 1221 2554 ministerium
1256 2480 1804 2557 nihil'addidiss'c
1837 2481 1935 2556 de·
1960 2478 2192 2559 su0.“
2265 2498 2304 2509 “·

500 2598 803 2696 Repetit
837 2598 1048 2676 etiam
1077 2598 1481 2676 scultetus:
1529 2600 1883 2699 „Sentire
1918 2600 2249 2697 videtur,
2285 2598 2426 2688 ait,

306 2716 660 2797 christum
690 2741 841 2795 non
870 2718 1215 2816 accepiss‘e
1258 2738 1542 2797 carnem
1580 2744 1621 2797 a
1653 2720 1734 2799 B.
1773 2722 2098 2819 Virgine.
2117 2724 2178 2769 “

499 2841 840 2916 Levioris
882 2834 1120 2917 forsan
1166 2840 1520 2916 momenti
1563 2841 1934 2917 videretur
1967 2844 2086 2935 illa
2122 2820 2422 2938 Joannia

304 2961 598 3037 censura
631 2975 899 3058 utpote
937 2962 1248 3036 hominis
1280 2960 1520 3034 multis
1550 2963 1915 3057 occupati,
1963 2962 2031 3038 ἃ
2061 2964 2205 3057 cui,-
2258 2983 2424 3039 curn

298 3084 431 3157 vix
479 3082 775 3179 spatium
822 3080 1229 3181 cogitandi,
1293 3080 1555 3155 nedum
1591 3080 1933 3159 scribendi
1971 3085 2425 3181 suppeteret,

298 3205 585 3301 deerat,
650 3203 844 3278 unde
890 3200 1308 3280 sententiam
1353 3200 1514 3276 satis
1555 3222 1850 3298 gravem
1887 3202 2126 3278 dixisse
2156 3204 2428 3297 judica-

300 3339 521 3402 retur.
625 3325 850 3420 Quod
886 3338 1123 3398 autem
1162 3321 1492 3397 Erasmus
1529 3322 1968 3415 consentiat,
2043 3325 2112 3398 δι
2145 3323 2426 3399 Sculte-

221 3433 225 3437 ’
299 3444 884 3543 tuasuffragetur,
935 3445 1302 3536 idmirum,
1338 3445 1784 3539 quippeviri‚
1839 3445 1957 3537 qui
1977 3445 2230 3517 Hilarii
2257 3441 2422 3517 scri-

297 3580 425 3662 pta
457 3586 608 3640 non
645 3586 736 3639 ex
757 3579 962 3661 parte
991 3577 1294 3652 tantum,
1344 3577 1470 3641 aut
1495 3566 1826 3640 celeriter
1853 3564 2276 3661 percurrisse
2302 3586 2424 3640 ex·

294 3684 712 3763 istimantur.
1411 3682 1420 3701 “

494 3805 1035 3881 vindicabimus
1071 3816 1307 3879 autem
1344 3806 1432 3880 ab
1465 3805 1616 3879 hoc
1653 3826 1900 3879 errore
1935 3804 2284 3878 Hilarium
2316 3824 2424 3875 ar-

296 3943 644 4028 gumento
678 3928 981 4021 primum
1014 3928 1327 4023 quodam
1368 3924 1544 4001 foris
1587 3927 1867 4014 accite,
1920 3924 2088 3995 dein
2123 3924 2421 3996 interno

296 4070 391 4125 ex
449 4062 612 4122 tota
664 4048 815 4140 ejus
874 4049 1064 4124 circa
1105 4046 1360 4123 Christi
1403 4046 1964 4141 conceptionem
2009 4042 2420 4139 dogmatica

298 4181 559 4257 eruto,
614 4185 694 4237 ac
732 4165 1016 4241 demum
1047 4187 1364 4259 quaenam
1401 4166 1472 4237 in
1511 4163 1745 4258 specie
1775 4164 1962 4238 ratio
2003 4160 2418 4237 censoribus

294 4286 547 4361 Hilarii
585 4284 766 4361 hauc
804 4284 893 4361 de
933 4286 1058 4359 tali
1092 4304 1342 4358 errore
1385 4282 1849 4379 suspicionem
1881 4283 2242 4377 moverit,
2310 4281 2419 4354 vi·

296 4405 645 4481 debimus.

494 4522 891 4600 Externum
932 4522 1217 4618 quidem
1256 4537 1746 4621 argumentum
1785 4522 1954 4599 inde
1985 4519 2417 4611 desumitur,

298 4645 498 4740 quod
536 4666 774 4737 nova,
848 4642 1307 4743 &inexperti
1345 4643 1422 4719 in
1459 4644 1674 4719 rebus
1721 4638 1886 4716 fidei
1929 4641 2236 4717 hominis
2288 4639 2417 4713 do·

296 4762 520 4840 &trina
546 4765 706 4840 talis
741 4761 888 4837 visa
924 4762 1183 4858 fuerit,
1236 4783 1400 4839 cum
1440 4783 1593 4837 eam
1633 4763 1852 4861 longe
1875 4760 2038 4857 post
2065 4761 2416 4836 Hilarium

292 4884 661 4986 proferret
676 4882 1085 4980 Eutyches,
1139 4904 1221 4958 ac
1252 4899 1336 4959 ut
1362 4883 1578 4978 impia
1611 4882 1956 4962 damnata.
2063 4878 2418 4957 Christum

2159 5022 2315 5076 non
