2717 5709
1491 645 1492 660 l

278 541 2507 1018 ψ

279 1094 295 1145 Ι.

466 1148 471 1155 ’
511 1146 1087 1229 Tuae-rarus
1134 1168 1235 1225 nr
1280 1104 1682 1225 xdvlu.
1730 1146 2211 1230 nanuum.
2306 1172 2450 1247 513
2513 1178 2520 1187 ·

286 1338 469 1401 ne,
504 1316 589 1390 in
627 1312 1183 1411 regeneratione
1220 1308 1556 1385 sedebitis
1587 1309 1796 1405 super
1827 1308 2210 1386 duodecim
2249 1310 2454 1385 thro-

290 1440 456 1497 nos
492 1414 899 1509 judicantes
944 1411 1327 1487 duodecim
1360 1412 1596 1511 tribue
1617 1410 1854 1485 lsrael.
1970 1408 2069 1482 Et
2109 1413 2448 1507 exemplo

294 1514 561 1593 vestro
577 1516 837 1587 ceteris
858 1512 1428 1603 relinquentibus
1449 1508 1705 1585 cunita
1718 1509 2220 1604 spoponderat.
2247 1510 2448 1603 quod

300 1620 385 1693 ὰ
444 1614 859 1705 centuplum
906 1612 1356 1705 acciperent,
1435 1610 1504 1685 δι
1549 1610 1808 1685 dehinc
1857 1611 2076 1691 ¹vitam
2109 1618 2448 1687 aet'ernam
2509 1630 2514 1635 ·

296 1712 681 1815 poffessuri
724 1710 971 1785 ess'ent.
1096 1710 1293 1810 Quid
1332 1709 1436 1783 est
1472 1712 1688 1807 igitur
1728 1708 1908 1783 istud
1937 1708 2194 1803 Petre,
2245 1712 2448 1803 quod

292 1810 587 1893 habes?
656 1810 899 1886 Habes
933 1813 1191 1904 plane,
1254 1810 1325 1883 δι
1355 1831 1512 1883 non
1547 1810 1782 1883 audeo
1825 1809 2110 1902 dicere,
2167 1812 2334 1902 plus
2369 1826 2472 1901 te,

304 1914 733 2007 centuplum
772 1912 1143 1985 obtinere:
1214 1909 1382 1984 dico
1423 1924 1661 2009 tamen
1706 1927 1782 1984 te
1825 1908 1972 1983 fine
2021 1911 2446 2003 multiplica·
2481 1942 2498 1957 -

306 2018 521 2089 tion'e
566 2012 821 2085 calculi
861 2010 1229 2104 possidere.
1310 2009 1560 2093 ,Dicis
1595 2011 1825 2083 enim:
1885 2008 2112 2105 Quod
2149 2011 2384 2083 habeo
2414 2064 2443 2103 ,

308 2118 465 2189 hoc
508 2110 637 2184 tibi
687 2111 819 2184 doz
891 2112 967 2184 in
1012 2112 1325 2183 nomine·
1360 2108 1662 2183 Domini
1715 2106 1938 2183 nostri
1977 2107 2142 2204 Jesu
2187 2108 2446 2183 Christi

310 2204 519 2308 'surge
561 2211 629 2285 ec
664 2211 967 2286 ambula.
1092 2206 1163 2283 O
1195 2207 1372 2282 felix
1410 2207 1780 2303 possellio,
1842 2228 1895 2281 o
1939 2208 2254 2301 perfecta
2299 2210 2442 2285 Dei

310 2312 603 2411 portio!
656 2310 836 2384 Non
870 2324 1152 2384 terrena
1183 2309 1486 2405 largiris,
1541 2307 1656 2381 sed
1693 2320 1964 2383 naturae
1990 2328 2169 2401 opes
2194 2332 2446 2403 repen-

314 2416 425 2487 dis
443 2464 483 2505 ,.
518 2412 586 2483 δι
626 2409 865 2484 vitiosi
904 2422 1149 2503 partus
1185 2407 1440 2501 damna
1468 2408 1836 2481 restauras.
1923 2405 2290 2481 'Claudum
2325 2431 2446 2483 na-

315 2528 473 2585 tum
514 2510 789 2605 ingredi
816 2512 1055 2601 jubes,
1106 2506 1444 2583 &'multae
1470 2508 1694 2581 etatis
1723 2510 1956 2581 virum
1989 2506 2258 2581 iucess‘u
2283 2509 2448 2583 rudi

312 2613 597 2683 incitas,
734 2608 885 2681 Has
938 2630 1115 2703 opes
1171 2608 1461 2698 tribuit,
1537 2608 1736 2699 cujus
1786 2606 1988 2680 Deus
2025 2610 2276 2701 portio
2317 2610 2438 2683 est.

312 2710 565 2784 Novit
600 2708 665 2780 δι
702 2707 961 2781 Paulus
992 2708 1397 2779 divitiarum
1435 2707 1706 2781 suarum
1759 2708 2102 2803 gloriam,
2157 2710 2437 2781 dicens:

309 2809 501 2884 Mihi
550 2823 786 2880 autem
828 2810 1001 2882 abiit
1039 2808 1366 2903 gloriari,
1438 2807 1563 2882 nisi
1600 2807 1672 2879 in
1711 2828 1925 2880 cruce
1967 2808 2265 2881 Domini
2302 2808 2442 2883 mei

308 2907 478 3005 Jesu
526 2905 823 2996 Christi,
894 2929 1021 3003 per
1070 2928 1281 2996 quem
1328 2908 1495 2981 mihi
1539 2908 1842 2981 mundus
1882 2905 2262 2979 crucifixus
2300 2907 2439 2993 cst,

308 3009 385 3082 δι
404 3028 540 3104 ego
559 3008 856 3083 mundo.
957 3005 1155 3083 Talis
1178 3004 1542 3099 Apostolo
1562 3009 1818 3103 gloria,
1871 3009 2030 3080 talis
2050 3006 2150 3081 est
2165 3009 2442 3100 portio·

517 3130 584 3195 ς.
640 3108 1126 3180 Humanarum
1165 3106 1382 3201 igitur
1415 3108 1904 3181 haereditatum
1935 3108 2158 3182 modo
2182 3162 2205 3199 ,
2277 3128 2446 3201 por·

306 3209 632 3295 tionem,
700 3229 853 3295 quae
894 3210 1149 3279 molior
1190 3206 1331 3295 est,
1409 3206 1474 3277 &
1515 3229 1666 3294 quae
1713 3209 2000 3296 utilior,
2080 3208 2442 3302 eligamus·

312 3305 389 3377 Si
443 3306 631 3375 circa
667 3305 971 3390 {terrena
1024 3305 1454 3394 patrimonia
1498 3302 1616 3375 sua
1661 3305 1732 3377 in
1767 3307 2219 3377 cohaeredum
2265 3309 2447 3380 divi-

310 3405 516 3478 sione
567 3402 719 3493 quis
771 3403 1022 3473 nititur
1066 3402 1328 3475 sortem
1365 3404 1883 3476 commodioris
1917 3406 2277 3496 portionis
2328 3428 2446 3497 ap,-

312 3516 610 3597 petere,
665 3516 935 3590 quanto
978 3501 1443 3595 propensiore
1485 3524 1653 3575 cura
1680 3517 1951 3597 partem
1987 3503 2283 3577 coelestis
2309 3506 2445 3579 hae·

310 3602 636 3675 reditatis
684 3599 1124 3695 deligemus?
1176 3601 1612 3694 Centuplum
1653 3603 2006 3677 Dominus
2040 3607 2438 3695 promittit:

320 3704 387 3776 δι
415 3703 829 3794 centuplum
854 3704 1091 3773 nonin
1114 3717 1486 3792 aetcrnum,
1544 3702 1746 3775 sedin
1771 3702 2094 3793 praesens,
2201 3705 2442 3777 AEter-

312 3824 575 3876 norum
621 3818 856 3874 autem
889 3803 1251 3873 bonorum
1280 3800 1612 3875 immensa
1649 3800 2024 3876 &infinita
2057 3806 2440 3877 retributio

316 3902 457 3981 est:
531 3916 854 3974 ceterum
900 3899 1026 3972 sub
1090 3898 1518 3975 definitione
1563 3904 1922 3996 centupli,
1994 3902 2443 3995 praesentium

311 3998 635 4075 mensura
688 4001 1166 4074 concluditur.
1294 3998 1454 4093 Ego
1507 4018 1744 4077 autem
1802 4004 2130 4097 ambigO,
2200 4018 2444 4077 utrum

312 4102 467 4176 hoc
494 4104 905 4191 centuplum
943 4100 1134 4173 Petri
1169 4100 1542 4174 excefferit
1569 4102 1843 4195 portio.
1943 4100 2162 4174 Certe
2202 4103 2443 4177 secun-

314 4201 488 4274 dum
532 4200 819 4272 Domini
854 4214 1287 4293 praeceptum
1312 4254 1338 4291 ,
1393 4200 1809 4293 sperandum
1841 4223 2033 4276 nunc
2065 4204 2136 4274 i'n
2168 4204 2314 4276 hoc
2346 4204 2445 4276 se-

314 4301 533 4390 cul0,
602 4298 859 4371 reliffis
903 4303 1235 4373 omnibus
1271 4298 1482 4375 seculi
1529 4305 1783 4394 rebuS,
1835 4307 2248 4393 centuplum
2293 4325 2446 4376 mu-

312 4421 455 4479 nus
491 4395 613 4472 est.
716 4392 840 4469 Est
876 4399 1061 4473 enim
1090 4402 1303 4474 nobis
1334 4403 1632 4496 portio,
1687 4403 1804 4493 qui
1847 4405 1981 4479 ait:
2051 4401 2143 4474 Et
2174 4404 2446 4475 inhabi-

315 4502 497 4573 tabo
529 4500 601 4571 in
633 4498 757 4572 eie.
858 4496 1079 4571 Nunc
1111 4521 1287 4597 ergo
1324 4503 1642 4593 centupli
1669 4504 2031 4593 praernium
2066 4502 2208 4593 est,
2261 4518 2342 4574 ut
2368 4504 2444 4577 in

314 4602 470 4674 hoc
527 4614 820 4671 terreno
872 4600 1303 4692 corpusculo
1349 4600 1600 4673 nostro
1653 4601 1850 4675 Deus
1902 4604 2202 4675 habitct.
2302 4604 2446 4675 Sed

318 4700 488 4790 quid
522 4699 684 4769 dico
726 4699 1051 4770 habitet?
1104 4700 1232 4773 Ait
1264 4702 1331 4772 δι
1366 4698 1545 4794 ipse:
1597 4696 1693 4771 Et
1731 4704 2187 4775 inambulabo
2219 4704 2288 4773 in
2315 4704 2442 4777 cis.

320 4796 685 4873 Pin-ens
734 4798 933 4871 Di-:o
986 4798 1087 4871 est
1116 4796 1341 4876 fidelis
1375 4798 1686 4897 pectoris
1717 4800 1788 4875 dt
1815 4802 2044 4903 ampla
2077 4798 2444 4897 poss‘cssiot

424 4898 499 4969 S.
558 4900 812 4973 Hilaris·
873 4892 1049 4974 Tom.
1110 4901 1203 4974 11.
1589 4898 1734 4975 Kk
1759 4894 1776 4919 ⁸
2269 4916 2368 4971 ut.
