2717 5709
166 1082 244 1181 246
401 1068 538 1161 ”8.
586 1082 893 1163 Haesura

173 1259 371 1341 martyrem
396 1240 609 1320 reservavit.
672 1242 721 1319 Et
740 1266 787 1319 ne
807 1264 871 1337 per
892 1238 1018 1318 Aaron
1040 1242 1074 1317 de
1093 1231 1244 1341 David',

175 1344 212 1420 dt
240 1344 472 1422 Salomonem
501 1346 694 1439 pluresque
725 1346 814 1419 alios
843 1343 1037 1419 istiusmodi
1067 1345 1246 1423 bonitatis

175 1444 249 1521 Dei
267 1448 430 1535 exempla
455 1463 675 1537 percurram,
703 1446 846 1536 quibus,
873 1446 1053 1537 increpitis
1084 1446 1247 1521 demuta-

174 1546 319 1621 tionum
346 1542 514 1635 offensss,
545 1546 595 1617 ob
620 1540 703 1619 lidei
722 1561 839 1619 tamen
861 1544 1026 1618 meritum
1046 1545 1161 1619 adfuit
1182 1570 1247 1621 ve·

173 1648 237 1723 'nia
263 1645 460 1740 proclivis3
496 1642 660 1718 conscius
679 1645 861 1719 Dominus
890 1642 1105 1719 infirmitatis
1126 1647 1248 1723 huma-

175 1764 254 1833 ne,
287 1765 367 1819 cum
393 1744 580 1839 Apostolis
604 1744 761 1819 distillet:
800 1743 938 1820 Omnes
959 1765 1029 1817 vos
1047 1744 1247 1823 scandalum

178 1845 363 1941 patiemini
377 1844 413 1917 in
437 1846 504 1917 hac
525 1842 652 1932 nodie3
681 1845 840 1919 &beato
858 1844 968 1920 Petro
985 1859 1056 1937 ter,
1084 1862 1247 1923 nontam

178 1944 224 2019 ad
243 1943 553 2020 denuntiationem
576 1946 748 2019 damnatae
766 1947 983 2042 negationis,
1010 1944 1068 2020 sed
1083 1950 1165 2039 quia
1184 1964 1249 2041 per

179 2046 348 2119 timorem
362 2048 475 2118 carnis
490 2046 714 2119 demutabilis
733 2046 861 2136 homo,
888 2045 922 2118 id
938 2045 1036 2137 qttod
1055 2064 1248 2142 negaturus

177 2141 478 2235 effetadmonito,
505 2144 861 2237 &negantiquidem
888 2146 1247 2240 clavestamsnregnl

181 2244 356 2318 coelorum
376 2264 451 2317 non
472 2245 620 2319 ademit:
647 2246 755 2338 quia,
790 2266 869 2319 cum
891 2266 955 2335 per
970 2247 1249 2333 trepidationem

177 2340 390 2439 obteplsll’et
408 2345 578 2443 negatio,
604 2346 807 2419 voluntatis
826 2358 944 2417 tamen
961 2365 1074 2437 usque
1092 2342 1134 2417 ad
1155 2363 1247 2417 mar·

180 2451 316 2541 tynum
338 2440 537 2520 confitendi
565 2442 653 2521 fides
679 2443 781 2520 firma
805 2463 881 2519 non
903 2446 1035 2517 deerat.
1086 2444 1135 2516 Et
1153 2442 1250 2519 aliud

181 2544 234 2619 est
263 2545 385 2635 nolle,
424 2546 516 2617 aliud
545 2565 621 2620 non
641 2544 751 2639 poll'e.
800 2543 966 2620 'l'erritus
988 2548 1081 2619 enim
1101 2545 1250 2627 Petrus,

181 2643 245 2720 etit
266 2664 331 2736 per
349 2647 466 2719 carnis
481 2643 613 2721 sensum
632 2645 870 2737 responsionis
889 2666 965 2719 non
981 2648 1104 2740 potuit
1127 2662 1251 2721 tenere

181 2741 439 2833 constantiana
466 2766 530 2835 per
544 2743 649 2820 iidem
669 2761 788 2821 tamen
800 2746 1156 2821 animistatimllevit.
1208 2743 1255 2819 lit

181 2842 619 2933 cumdccuffumseabeo,
649 2846 920 2937 quodvolebat,
949 2849 1113 2939 agnovit,
1141 2849 1255 2936 lacry-

183 2964 320 3021 marum
345 2946 475 3019 dolore
500 2944 583 3019 fidei
605 2945 671 3018 suae
696 2945 823 3020 effudit
847 2946 1021 3021 affectum.
1077 2944 1122 3013 Et
1141 2944 1252 3034 ipsum

183 3044 272 3119 illud
291 3044 359 3118 fuit
380 3046 582 3142 negationis
602 3066 741 3140 tempus
764 3048 793 3117 ἃ
816 3048 942 3127 lictus,
978 3044 1112 3112 scilicet
1133 3055 1254 3115 lecun·

184 3147 268 3219 dum
300 3148 548 3237 trepidationis
577 3147 877 3235 demutationem,
911 3145 1111 3215 voluntatis
1142 3140 1251 3212 tirmi-

183 3259 260 3320 tate
281 3248 436 3337 potiore.
492 3247 584 3321 Nam
602 3268 689 3320 mox
706 3242 1253 3335 inconstantiamtrepidationis,

184 3344 353 3420 constans
377 3343 465 3419 fades
485 3347 610 3437 fleuit,
639 3347 909 3440 probatiffimam
926 3346 1093 3431 deinceps
1109 3339 1253 3432 aposto·

184 3447 263 3520 licae
290 3445 499 3521 constantias
524 3447 728 3521 firmitatem
746 3448 903 3537 martyrii
924 3444 1147 3518 conl'cllione
1167 3463 1253 3513 con·

183 3544 340 3622 firmans.
396 3547 482 3621 Haec
500 3548 636 3619 idcirco
660 3545 871 3637 inpraesenti
890 3548 977 3617 loco
997 3562 1255 3617 commemora·

182 3646 317 3740 vimus,
344 3668 390 3719 ne
406 3649 620 3743 generaliter
637 3646 766 3722 didlum
786 3643 1084 3719 existimaremus:
1110 3646 1187 3713 n'on
1203 3644 1255 3736 eli,

183 3772 241 3843 qus
253 3746 362 3838 faeiat
375 3750 566 3833 hortatorem,
593 3774 659 3819 raon
677 3750 715 3842 esi
730 3773 825 3847 usqua
840 3750 879 3818 od
899 3771 1016 3825 urtum3
1043 3763 1121 3811 cum
1146 3742 1178 3811 lsi
1195 3757 1254 3813 tot

184 3846 328 3921 &tanti
350 3853 532 3941 placentes
552 3850 637 3921 Deo
658 3849 741 3926 visi,
769 3847 898 3922 etiamst
918 3841 1258 3935 pernatmaedemu-

183 3949 360 4023 tationem
385 3952 429 4019 de
446 3950 636 4045 proposito
656 3945 740 4019 fidei
760 3945 1013 4033 aliquantulum
1032 3937 1256 4031 decidill'ent,

184 4059 305 4119 tamen
323 4049 483 4122 maximis
500 4069 539 4119 ac
557 4041 986 4139 pulcherrimisbonitatis
999 4040 1168 4133 operibus
1180 4043 1258 4135 glo·

183 4147 271 4221 riam
290 4145 354 4217 siut
370 4146 518 4218 coelestis
536 4146 580 4217 de
599 4144 633 4217 se
648 4143 770 4237 judicii
790 4138 986 4211 consecuti.

290 4266 344 4338 13,
373 4245 496 4335 Atque
516 4245 609 4317 hanc
627 4242 767 4332 quidem
794 4238 1038 4335 intelligentiae
1057 4235 1185 4312 nolltae
1204 4257 1260 4312 ra·

184 4344 324 4422 tionem
353 4366 414 4437 ea,
454 4366 531 4438 quae
548 4341 840 4434 consequuntur,
875 4337 1079 4416 absolvunt.
1133 4342 1258 4411 Nonne

179 4449 283 4540 [cient
297 4472 420 4535 omnes,
447 4454 506 4547 qui
520 4462 694 4543 operentur
707 4446 931 4543 iniquitatem,
958 4447 1013 4540 qui
1027 4443 1183 4511 comedunt
1202 4461 1258 4535 po·

181 4550 293 4646 pulum
316 4572 416 4619 meum
441 4565 479 4619 ut
507 4548 606 4618 cilum
631 4539 751 4642 ponis?
792 4548 894 4617 Deum
919 4566 986 4612 nora
1003 4547 1257 4614 invocaverunt:

178 4651 229 4719 ibi
252 4656 441 4733 'imuerun!,
469 4651 524 4720 ubi
545 4674 611 4721 uon
624 4647 701 4739 fuir
723 4649 830 4722 timor.
884 4647 1045 4734 Quoniam
1072 4646 1154 4711 Deus
1172 4639 1259 4733 dff-

148 4768 269 4846 paret
292 4755 359 4856 effe
385 4751 574 4829 hominibus
594 4750 812 4855 placentium,
840 4742 958 4844 passui
978 4743 1072 4833 [ants
1109 4750 1261 4910 egenam

1164 4864 1216 4908 W!
