2717 5709
210 1003 255 1070 vr
511 967 773 1071 'rapimur
806 986 960 1072 Carsu

213 1155 252 1230 ln
268 1151 502 1252 intelligentia
514 1151 660 1249 stupore
685 1150 722 1230 in
738 1147 901 1234 sermo'ne
917 1170 1035 1235 autem
1052 1139 1130 1234 noir
1141 1156 1207 1252 iam
1221 1157 1269 1234 in·

215 1256 446 1369 firmitatem,
480 1273 538 1350 ieri
559 1275 735 1352 silentium
764 1275 991 1352 confitebor:
1024 1297 1105 1353 curn
1121 1277 1269 1353 difficilli-

218 1416 316 1474 mum
339 1394 399 1488 fit,
436 1390 571 1470 sensuri
587 1395 697 1490 ipsum
714 1399 869 1493 proprie
888 1419 976 1474 mear
992 1393 1075 1473 fidei
1087 1395 1269 1472 secundum

218 1512 465 1614 intelligentia
484 1517 666 1592 interioria
684 1515 849 1596 affectum
870 1517 1056 1612 loquendo
1075 1511 1269 1612 proferre‘·

221 1633 378 1712 Demum
397 1637 440 1712 ab
457 1637 581 1715 auditu
595 1621 657 1712 irbi
667 1643 783 1733 timet,
810 1621 892 1714 ditm
905 1637 977 1712 ait:
1002 1637 1268 1730 „Mementote

222 1755 450 1836 consensum
467 1757 552 1860 mihi
573 1755 707 1855 deeil'e,
732 1757 789 1833 sed
810 1760 944 1839 verbat
970 1776 1113 1856 arguam
1128 1757 1224 1833 forte
1245 1761 1270 1834 ir

221 1877 259 1964 in
272 1893 490 1952 conaturam
506 1900 635 1973 meam,
662 1890 871 1955 nontamen
888 1898 1029 1978 arguam
1042 1857 1267 1954 voiubtatem

224 1995 430 2096 &ignosco
448 2011 597 2090 nature,
622 1996 646 2072 sr
664 1997 765 2102 loqui
783 1995 829 2073 de
843 1999 944 2093 Deo,
969 1999 1069 2090 quod
1088 2000 1183 2092 vult,
1205 2019 1270 2075 nor

224 2117 355 2218 potest.
369 2119 397 2160 “
448 2113 620 2192 Conscius
640 2119 735 2193 enirn
752 2117 834 2214 libi,
860 2114 958 2213 qubd
974 2119 1013 2194 in
1029 2104 1136 2194 rebu'e
1155 2114 1269 2193 divini

170 2333 175 2340 ι
220 2239 425 2312 verborum
445 2237 563 2313 adbuc
579 2235 790 2334 fignificatio
813 2237 1014 2338 angustior,
1040 2256 1144 2340 qnam
1158 2237 1270 2314 intelli

226 2347 347 2456 genti‘a
366 2348 429 2452 fit,
464 2371 570 2431 tanto
590 2360 699 2456 magis
720 2357 958 2453 formidabat,
990 2380 1040 2434 ne
1054 2380 1156 2433 aurea
1171 2357 1270 2435 offer

227 2475 352 2572 deret,
384 2472 522 2571 querito
541 2480 658 2556 minua
674 2494 751 2555 tum
767 2478 813 2553 de
829 2461 867 2554 vi
883 2480 1057 2574 cujusque
1072 2479 1177 2584 vocis
1196 2480 1270 2556 inte

226 2597 395 2674 homines
414 2614 659 2688 convenerat,
695 2619 776 2674 cum
801 2597 1034 2693 plerumque,
1070 2611 1112 2673 ut
1129 2579 1270 2690 ibquitr

228 2713 303 2810 ipse
321 2714 490 2812 Hilarius,
516 2720 679 2818 ignorata
695 2717 892 2793 verborum
909 2720 1084 2818 opinione
1101 2699 1270 2816 pi'urimur

227 2837 323 2911 inter
339 2835 373 2911 se
382 2837 668 2934 digladiarentur.
722 2835 882 2937 Quippe,
906 2839 1271 2937 inquitGregor.Na:

231 2955 298 3032 Or.
322 2979 378 3034 ar.
395 2963 423 3049 §.
439 2977 523 3052 97„
548 2979 666 3052 „cum
686 2963 813 3056 exigua
828 2979 884 3034 res
906 2959 1069 3054 quotidie
1088 2960 1271 3036 accedere

230 3095 309 3172 qure
332 3077 528 3154 molestiam
546 3076 717 3172 afferret,
752 3099 800 3152 eo
820 3081 963 3155 tandem
980 3100 1036 3155 rer
1053 3079 1201 3155 addubla
1224 3083 1271 3158 ei

230 3212 273 3272 ut
292 3199 488 3293 periculum
506 3195 612 3291 effer,
643 3221 688 3272 ne
705 3201 805 3275 orbis
827 3190 1002 3278 terrarum
1023 3188 1114 3278 finer
1129 3221 1202 3276 una
1215 3224 1270 3280 cu

231 3315 375 3416 syllabis
398 3318 705 3412 abrumperentur.
719 3321 748 3363 ‘⁴

331 3441 516 3540 Quocirca
543 3443 656 3515 verba
679 3441 725 3518 de
743 3441 829 3517 Deo
853 3437 1031 3536 iasturua,
1061 3440 1181 3520 utlibi
1202 3444 1271 3520 reb

232 3555 406 3634 sentiendi
423 3582 464 3634 ac
478 3561 649 3654 loquendi
664 3559 865 3657 difficultas,
892 3583 996 3658 quam
1008 3558 1174 3656 senserat,
1200 3583 1271 3640 cor

235 3681 462 3777 planaretur,
497 3681 601 3777 ipi'rua
625 3703 734 3775 opem
756 3682 906 3779 supplex
922 3681 1154 3774 implorabat:
1189 3681 1271 3775 „E

233 3797 356 3897 posui,
383 3803 519 3894 inquit,
547 3801 751 3893 chariiiirni,
778 3798 1106 3894 quantumbumani
1123 3795 1271 3880 sermor

93 3953 95 3960 v
234 3917 461 3994 consuetudo
479 3920 703 4014 patiebatur,
728 3916 962 3994 &Dominus
973 3917 1059 3994 raibi
1079 3917 1237 4018 semper,

237 4035 311 4135 ipse
331 4035 416 4136 icit,
444 4060 463 4113 a
482 4058 540 4118 me
556 4052 681 4113 oratur
698 4018 863 4136 irrdultit,⁴
888 4037 1088 4116 communia
1108 4035 1197 4116 fidei
1217 4065 1271 4120 co

186 4164 188 4172 ’
234 4155 468 4238 seientiam.“

335 4275 452 4360 Etiam
474 4297 548 4372 quo
574 4272 714 4355 facilius
735 4273 894 4376 cogitata
911 4277 970 4356 stra
985 4279 1030 4356 ab
1046 4279 1120 4355 rliit
1137 4283 1271 4380 percip

235 4414 382 4496 rentur,
407 4421 449 4472 ea
462 4399 569 4473 variis
583 4399 701 4474 modia
716 4399 942 4495 explicabat,
967 4415 1030 4497 ut,
1051 4399 1149 4480 ficui
1164 4421 1271 4480 una]

236 4516 340 4595 tione
366 4517 518 4599 obscura
540 4516 672 4616 eiient,
702 4539 744 4597 ca
763 4517 1034 4604 alternatione
1052 4513 1186 4600 fierem
1204 4543 1271 4621 ap·

238 4641 344 4726 tiore.
395 4641 399 4650 '
925 4646 929 4666 '

274 4773 282 4790 ·
1130 4756 1271 4843 Hane.
