2717 5709
277 1196 485 1283 mm
910 1197 1411 1289 Summanu
1479 1194 1780 1274 Cats1s

286 1366 631 1441 illustrare
664 1360 1073 1437 mendaciis.
1180 1358 1545 1463 „Doeet,
1599 1360 1797 1451 ajunt
1827 1360 1914 1437 de
1947 1359 2267 1455 Cyrillo‚
2317 1359 2414 1435 di·

290 1472 667 1561 vinitatem
711 1482 1055 1579 unigeniti
1085 1478 1242 1553 Filii
1270 1478 1416 1553 Dei
1456 1479 1709 1575 pass‘am
1750 1481 1927 1575 effe,
1992 1503 2145 1556 non
2180 1472 2418 1557 autem

292 1603 839 1693 humanitatem,
894 1620 1056 1675 cum
1089 1598 1425 1673 divinitas
1455 1601 1854 1677 inhabitans
1887 1601 2228 1695 pastiones
2255 1621 2419 1675 cor-

298 1726 501 1823 poris
549 1722 733 1815 quafi
779 1722 1051 1816 proprii
1087 1722 1206 1794 sibi
1246 1719 1697 1812 attribuerit,
1775 1721 1841 1793 δι
1871 1736 2109 1796 tamen
2143 1723 2216 1795 in
2250 1742 2420 1816 pro-

300 1848 456 1940 pria
490 1859 738 1917 natura
768 1842 940 1915 nihil
978 1838 1119 1934 ipsa
1150 1851 1542 1935 pateretur.
1643 1836 1874 1913 Addit
1905 1854 2272 1935 praeterea,
2327 1862 2420 1917 ex

304 1965 730 2054 divinitate,
794 1961 861 2033 δι
896 1961 1332 2033 humanitate
1369 1980 1580 2034 unam
1621 1957 1871 2036 faaam
1907 1960 2047 2037 effe
2073 1976 2418 2038 naturam.

304 2085 424 2159 Ad
464 2087 613 2158 haec
648 2102 778 2155 eos
810 2095 1220 2167 execratur,
1275 2082 1395 2173 qui
1425 2082 1918 2179 evangelicas,
1969 2082 2427 2180 apostolicas·

309 2227 446 2299 que
484 2222 712 2277 voces
752 2201 839 2273 de
876 2199 1159 2274 Christo
1190 2198 1516 2275 Domino
1551 2201 2022 2305 distinguunt,
2087 2219 2170 2278 ut
2204 2204 2432 2279 humi..

300 2328 411 2401 les
456 2324 736 2416 quidem
780 2322 865 2394 ad
897 2322 1447 2414 humanitatem,
1501 2323 1780 2397 divinas
1809 2343 1997 2397 vero
2039 2324 2127 2398 ad
2167 2321 2436 2398 Christi·

309 2445 760 2519 divinitatem
782 2440 1120 2515 referant.
1224 2442 1452 2539 Quod
1473 2438 1720 2516 Ariani
1739 2442 1806 2517 δι
1823 2441 2254 2518 Eunomiani
2280 2441 2432 2517 sen-

308 2568 613 2652 tientes,
666 2562 1108 2649 humilesque
1142 2556 1673 2653 dispensationis
1718 2584 1948 2638 voees
1985 2565 2070 2639 ad
2101 2565 2432 2638 divinita-

306 2701 455 2760 tem
481 2682 907 2769 referentes,
958 2677 1195 2751 Deum
1210 2678 1537 2755 Verbum
1560 2697 1952 2761 creaturam
1973 2684 2040 2758 &
2061 2683 2434 2777 facturam,

309 2806 746 2894 alteriusque
787 2797 1227 2891 substantiae,
1294 2798 1359 2871 δι
1392 2798 1580 2876 Patri
1618 2803 2032 2897 inaequalem
2070 2802 2210 2877 effe
2255 2802 2436 2876 affir-

309 2947 506 3003 mare
527 2946 676 2998 non
703 2922 1138 3020 dubitarunt.
1242 2921 1424 3018 Quae
1453 2942 1638 2993 vero
1658 2925 2095 3020 blasphemia
2119 2946 2208 2998 ex
2235 2925 2433 2999 hisce

308 3039 1229 3143 principiis-consequatur,
1285 3041 1522 3130 quivis
1558 3043 1766 3117 facile
1791 3046 2148 3140 intelligit.
2244 3043 2437 3119 Nam

312 3169 383 3242 &
426 3183 834 3241 naturarum
881 3160 1239 3233 inducitur
1277 3160 1655 3254 confusm,
1723 3162 1790 3255 ξι
1836 3163 2002 3237 Deo
2038 3166 2294 3239 Verbo
2337 3181 2437 3239 at-

311 3289 650 3361 tribuitur
697 3282 907 3355 illud:
988 3279 1227 3369 Deus,
1307 3280 1507 3354 Deus
1548 3305 1783 3375 meus,
1858 3300 1942 3358 ut
1983 3286 2150 3376 quid
2189 3287 2437 3358 dereli-

180 3494 207 3517 ν
313 3405 519 3501 quisti
548 3404 720 3479 me?
775 3402 872 3476 Et
912 3401 1118 3474 illud:
1174 3399 1381 3472 Pater
1414 3403 1536 3494 mi,
1589 3403 1635 3476 fi
1671 3406 1991 3496 possibile
2035 3405 2165 3497 est,
2219 3421 2437 3479 trans.

313 3541 433 3601 eat
469 3546 505 3596 a
531 3547 646 3597 me
677 3526 858 3597 calix
880 3520 1042 3595 iste:
1098 3519 1366 3593 rursum
1405 3524 1654 3617 fames,
1700 3526 1870 3617 sitis,
1925 3527 2243 3622 angelica
2270 3548 2437 3600 con-

311 3645 619 3722 fortatio
656 3643 791 3719 διο.
898 3645 1080 3741 Quae
1106 3642 1474 3734 perspicue
1499 3665 1657 3717 cum
1689 3642 1934 3718 Arii&
1957 3646 2290 3742 Eunomii
2320 3649 2437 3719 im-

313 3767 589 3862 pietate
642 3781 1046 3856 congruere
1099 3763 1309 3837 facile
1356 3765 1510 3855 quis
1549 3767 1837 3844 viderit.
1857 3771 1912 3811 ‘⁶
2013 3768 2184 3842 vid.
2238 3762 2437 3856 epist.

316 3888 405 3960 ad
456 3884 722 3959 Rufum
754 3880 977 3957 Tom.
1009 3880 1134 3957 111.
1171 3882 1452 3959 Concil.
1497 3885 1726 3961 Labb.
1807 3938 1822 3955 2
1997 3946 2002 3951 .

514 4005 648 4079 His
697 4005 800 4077 ita
837 4003 1229 4096 praemisfis,
1308 4004 1476 4095 quid
1524 4005 1832 4077 Hilarius
1889 4000 2156 4074 criticis
2197 4001 2334 4072 illis
2370 4000 2437 4075 in

312 4125 524 4216 locis,
560 4125 684 4197 sibi
740 4122 1245 4215 proposuerit,
1323 4141 1619 4216 quaeque
1672 4131 1737 4196 el
1785 4118 2136 4193 sententia
2177 4119 2437 4215 fuerit,

314 4243 600 4321 facilius
630 4242 1231 4335 deprehendetur.

519 4359 701 4435 Cum
764 4359 1159 4467 doetrinam
1222 4361 1364 4433 toti
1414 4355 1698 4433 Arianae
1751 4358 1946 4435 seftae
1993 4382 2437 4438 communem

318 4481 804 4578 superioribus
869 4483 965 4554 de
997 4480 1071 4553 T
1073 4470 1356 4553 rinitate
1390 4480 1585 4554 libris
1622 4480 2123 4578 expugnass‘et,
2189 4485 2331 4576 jam
2372 4483 2437 4553 in

316 4606 513 4677 libro
537 4602 685 4677 hoc
705 4603 992 4676 decimo
1014 4601 1444 4699 aggreditur,
1498 4622 1649 4676 non
1673 4603 1868 4695 quod
1891 4603 2139 4679 Ariani
2169 4623 2437 4698 omneS,

318 4719 437 4797 sed
488 4722 686 4813 quod
731 4722 1056 4815 plerique
1104 4744 1357 4799 eorum
1397 4721 1918 4817 defendebant,
1993 4742 2298 4817 quorum
2347 4742 2437 4796 ar·

276 4858 653 4926 eamme
692 4843 1126 4942 prinsquam
1164 4843 1293 4925 fibi
1348 4857 1726 4951 opponat,
1801 4843 1897 4927 fic
1946 4841 2012 4947 ᾧ.
2047 4867 2115 4945 9.
2151 4841 2437 4935 exponit

285 4982 292 4989 ’
2143 4961 2362 5068 olati-
