2717 5709
189 880 486 982 Telemus
503 896 776 1026 ”sxcvm
801 898 1035 983 Paaurauur.
1085 930 1159 1007 493

95 1068 212 1151 nouu-
235 1065 531 1165 provehebatur,
573 1082 692 1155 neque
718 1063 822 1139 nubis
848 1064 894 1141 de
916 1066 973 1143 die
988 1066 1159 1153 anteibat.

94 1174 228 1269 Legem
251 1169 378 1260 itaque,
397 1166 490 1239 hanc
513 1163 583 1235 viar
600 1160 733 1239 statuit.
785 1160 834 1241 Et
851 1166 1077 1267 srdilipenter
1092 1170 1161 1246 sta·
1270 1215 1272 1218 v

93 1256 213 1352 tione‘s
231 1288 315 1360 eas,
341 1265 613 1357 manssoneapue
631 1260 848 1348 castrorum,
875 1264 908 1339 or
926 1270 1160 1349 conditionea

92 1376 277 1459 locorum,
304 1362 781 1458 quaeExorlocontinentur‚
807 1365 1060 1461 retrahemum
1087 1394 1161 1449 ma·

92 1492 161 1570 gna
174 1470 213 1542 in
228 1466 308 1561 iplis
330 1463 480 1539 coelestia
495 1465 633 1538 itineris
654 1464 827 1543 mirabilia
842 1486 1043 1547 cernemus.
1097 1472 1160 1549 Ob

93 1569 195 1663 quod
216 1567 425 1659 frequenter
442 1563 626 1657 Propheta
640 1566 783 1657 oravit,
810 1564 952 1641 dicens:
988 1566 1160 1651 Confide·
1308 1592 1309 1673 j

90 1673 183 1743 rabo
198 1667 370 1742 mirabilia
386 1666 432 1739 de
446 1666 527 1762 lege
542 1680 615 1739 tua.
674 1662 745 1747 Sed
765 1684 843 1739 non
856 1666 928 1759 jam
946 1666 1068 1745 istirfe
1090 1673 1161 1749 vim

90 1771 230 1864 legibus
244 1767 423 1842 contineri
437 1763 621 1858 Propheta
631 1778 732 1839 orat:
757 1783 835 1840 nou
844 1769 938 1843 euim
947 1772 1016 1843 viae
1028 1770 1160 1871 legem,
1308 1766 1309 1821 ³

91 1868 154 1945 sed
166 1874 231 1941 via
245 1866 507 1965 justificationum
523 1862 653 1961 poscit.
1308 1910 1309 1957 l

196 1990 228 2061 3.
253 1966 331 2041 Scit
348 1964 418 2040 elie
433 1966 529 2039 viam
542 1963 854 2061 testimoniorum,
880 1986 962 2042 curn
978 1966 1083 2043 dicit:
1119 1970 1162 2043 In

90 2076 155 2144 viu
170 2067 553 2166 repromittentem
569 2064 737 2137 releuatus
748 2065 831 2155 firm.
887 2064 962 2141 Scit
977 2066 1048 2141 effe
1064 2069 1161 2147 viam

89 2182 382 2267 praeceptorum,
409 2185 490 2240 cum
510 2166 579 2239 ait:
615 2168 712 2238 Vsum
727 2180 944 2263 praceptorum
962 2184 1089 2239 terrum
1107 2194 1162 2244 trr-
1251 2256 1259 2267 ¹

90 2275 195 2344 curri.
245 2266 370 2341 Novit
382 2262 453 2340 elle
468 2264 566 2340 viam
580 2264 683 2360 legis,
710 2284 791 2341 cum
808 2266 903 2339 Beati
910 2266 1006 2357 afuat,
1053 2275 1164 2343 aiam.

92 2372 213 2443 balant
229 2372 269 2439 in
282 2366 343 2461 lege
357 2369 506 2438 Domini.
555 2362 633 2439 Scit
647 2362 820 2439 ellehanc
831 2366 926 2440 viam
937 2294 1163 2461 justificatio·

90 2490 200 2561 num,
226 2466 273 2541 de
290 2486 360 2559 qua
371 2484 470 2539 nunc
488 2462 714 2555 deprecatur.
765 2464 841 2538 Scit
859 2467 967 2541 etiam
983 2465 1052 2543 elle
1066 2472 1163 2549 viam

88 2572 131 2645 in
148 2566 363 2661 Prophetis,
396 2562 464 2638 scit
478 2562 549 2639 elie
570 2565 667 2638 viam
687 2564 724 2639 in
746 2562 978 2663 Evangelilo,
1006 2566 1070 2641 scit
1090 2570 1163 2647 esse

89 2670 195 2750 viam
209 2668 247 2741 iu
263 2664 466 2759 Apostolis,
492 2664 538 2738 de
553 2664 681 2756 quibua
694 2663 783 2756 sepe
796 2663 944 2754 testatus
958 2664 1019 2741 est.
1070 2670 1164 2745 Vult

85 2787 184 2865 ergo
208 2785 274 2860 per
291 2768 406 2863 legem
428 2767 499 2839 viae
516 2762 644 2856 huius,
671 2782 787 2859 usque
804 2764 841 2838 in
856 2763 1048 2858 perfeilam
1066 2768 1183 2853 illam.

83 2873 182 2943 uitae
197 2868 294 2941 viam
311 2867 474 2945 tendere.
533 2862 657 2937 Plures
677 2866 773 2939 enim
787 2862 869 2941 sunt
889 2866 1162 2967 hereticorum,

86 2969 158 3062 qui
179 2968 276 3041 viam
295 2967 389 3135 legia
405 2964 586 3056 probant,
621 2965 766 3059 plures,
804 2966 865 3057 qui
878 2964 1163 3067 Prophetarum,
1280 3024 1283 3031 a

84 3064 224 3151 multi,
249 3063 309 3154 qui
361 3062 632 3157 vangeliorum,
657 3064 781 3153 multi,
807 3064 868 3155 qui
885 3062 1163 3157 Apostolorum.

84 3166 236 3243 Scimus
251 3162 357 3235 etiam
376 3160 550 3251 quosdam
567 3178 644 3234 nou
659 3162 828 3235 omnibus
842 3162 897 3237 hia
913 3164 983 3238 viia
995 3164 1064 3243 elle
1075 3188 1164 3245 con·

83 3274 234 3339 tentor.
286 3258 357 3333 Sed
371 3256 485 3334 scriba
498 3257 625 3333 dolius
638 3262 748 3359 nouit
766 3260 888 3337 divitia
905 3266 1164 3359 patrisfamilias

84 3361 267 3455 exemplo
286 3358 332 3433 de
345 3358 516 3434 thesauris
529 3358 699 3453 proferre
714 3375 839 3435 vetera
852 3362 1004 3443 &nova
1056 3368 1163 3445 Hane

53 3491 54 3498 ¹
79 3468 204 3563 igitur
221 3456 516 3553 justificationum
541 3460 612 3531 viar
632 3462 749 3557 legem
768 3460 950 3557 Propheta
971 3466 1163 3547 desrderat:

53 3555 54 3596 ¹
80 3567 178 3641 Lex
200 3562 296 3637 enirn
319 3556 616 3652 justificationum
633 3559 852 3652 ¹quibusdam
870 3565 1021 3662 religiosi
1042 3569 1163 3647 cordia

52 3654 57 3704 ἶ
82 3660 289 3753 disciplinis
307 3660 538 3753 continetur,
571 3656 827 3734 &intrafines
845 3681 916 3737 nos
935 3666 1165 3743 constitutio·

52 3754 57 3807 ¹
82 3764 152 3837 nia
172 3761 254 3852 sum,
280 3760 409 3853 quibus
428 3758 464 3833 se
480 3773 678 3850 uteremur,
703 3762 855 3835 artavit:
882 3784 928 3838 ne
943 3769 1164 3847 excedentes
1296 3842 1302 3853 .

53 3856 58 3907 ξ
81 3880 180 3949 eos,
206 3862 250 3931 ad
265 3860 458 3953 opiniones
475 3858 652 3933 hereticae
663 3860 907 3957 intelligentie
919 3886 1163 3963 evagaremur.

52 3958 58 4036 ζ
80 3960 128 4039 N
132 3976 192 4031 on
208 3960 290 4029 vult
302 3961 409 4057 igitur
425 3960 469 4035 ab
487 3980 530 4034 ea
545 3960 628 4057 lege
644 3959 845 4057 excedere,
869 3983 973 4056 quam
994 3968 1165 4045 constitui
1200 3978 1206 3993 ’

52 4060 158 4140 lsrbi
182 4070 276 4130 orat.
517 4076 526 4085 ’

52 4164 58 4211 ⁷>
199 4178 235 4247 4.
261 4152 332 4228 Sed
343 4153 380 4227 in
392 4175 497 4248 quam
510 4154 648 4235 causam
665 4157 759 4236 hanc
775 4164 891 4261 legem
907 4180 989 4241 orat
1004 4164 1164 4243 institui?

53 4257 247 4337 'Scilicet
269 4269 312 4329 ut
333 4256 499 4347 exquirat
524 4278 614 4332 eam.
674 4260 755 4335 Lex
778 4278 854 4338 erat
868 4262 1166 4359 justificationum

53 4375 157 4459 aper
178 4354 338 4449 Moysen
362 4354 509 4449 scripta:
547 4358 693 4432 &hanc
712 4362 893 4457 Propheta
914 4368 1085 4461 operibus
1104 4390 1167 4442 ex·

76 4456 257 4536 arcebat.
310 4453 399 4530 Non
420 4456 753 4552 ergohaoc-statui
777 4462 956 4559 sibimet,
997 4488 1075 4561 quae
1090 4469 1165 4561 jam

53 4560 230 4637 istatuta
249 4572 348 4641 erat,
384 4554 419 4631 or
439 4557 485 4631 ab
505 4577 553 4633 cu
572 4558 738 4658 religiose
755 4564 947 4662 agebatur3
983 4562 1042 4643 sed
1064 4590 1164 4665 eam,

1010 4688 1114 4766 quam
