2717 5709
252 874 623 979 Tnncrnr'ne-rn
650 890 781 976 va.
811 890 1052 987 tritanu·
1102 919 1184 1005 ,372

110 1086 250 1165 aquam.
301 1058 487 1137 Gloriosa·
509 1059 681 1137 videlicet
701 1055 907 1154 Martyrum
925 1072 1064 1138 morter
1085 1080 1188 1141 com·

106 1173 322 1280 Μ
351 1158 1044 1337 iiitlffiiai'ifflilniiiii
1059 1162 1184 1341 til
1240 1195 1246 1207 ’

105 1282 330 1479 Ξῦιῐιάιῗιεεῗ
343 1362 405 1434 ille
428 1281 688 1435 {ransducitun
752 1352 806 1431 Et
831 1378 907 1451 qun
931 1314 1183 1439 nmhucenr

106 1460 321 1556 Propheta,
352 1478 429 1535 non
442 1457 569 1552 nescit,
595 1457 737 1533 dicent:
764 1458 814 1531 Er
830 1458 1182 1557 murmurosae·

103 1566 251 1657 geriem.
282 1558 398 1653 Hujus
406 1556 848 1656 refrigeriibrinaliolocn
856 1558 1032 1652 meminit,
1046 1558 1183 1643 dicente
1308 1613 1311 1619 ,

104 1658 351 1735 Convertere
369 1659 484 1735 anima
500 1678 578 1743 mea
592 1658 629 1731 in
644 1658 802 1751 requie-
817 1671 931 1751 tuam,
957 1660 1039 1751 quia
1052 1658 1189 1740 Donni·

103 1780 189 1837 mus
206 1756 389 1835 benefecit
403 1757 500 1833 mibi.
550 1752 694 1853 Eripuit
706 1757 857 1833 mimam
870 1758 1183 1855 meamdemorte,

43 1867 44 1929 3
103 1860 252 1935 oculor
268 1878 370 1933 mene
382 1857 428 1933 de
437 1857 627 1952 lacrumisx
645 1855 756 1951 peden
765 1877 869 1933 meon
879 1856 925 1933 de
938 1854 1050 1953 lapsu.
1079 1858 1182 1940 Bene

100 1959 274 2057 plecebo
287 1956 451 2035 Domino
472 1957 509 2031 in
528 1955 679 2052 regione
697 1955 922 2032 viventium:
953 1959 1104 2033 enimam
1123 1958 1182 2033 vl·

102 2057 252 2135 delicet
267 2056 360 2132 suam
369 2057 407 2131 in
419 2058 578 2150 requiem
592 2058 706 2148 beatae
715 2056 808 2129 illiue
821 2053 1087 2131 resurreetionis
1095 2047 1180 2133 hor·

102 2170 234 2247 tatur,
261 2156 298 2229 in
318 2176 388 2249 qua
399 2154 480 2249 post
493 2156 620 2231 mortis
634 2153 885 2249 illiue-tempus
901 2155 1001 2247 omni
1013 2156 1181 2253 humanu·

100 2276 196 2333 rum
211 2256 449 2331 calamitatum
469 2256 551 2330 labe
568 2253 721 2347 detersa,
746 2274 824 2330 non
846 2254 1006 2349 doletur,
1029 2257 1179 2333 nonfle

98 2370 203 2449 tur,
225 2374 303 2431 non
316 2368 503 2450 peccatur,
528 2354 586 2429 sed
602 2354 753 2429 vivitur.
802 2352 843 2429 ln
859 2354 963 2447 hujus
976 2356 1084 2455 igitur
1096 2358 1180 2431 bea·

104 2454 286 2531 titudinis
305 2475 370 2547 per
391 2455 508 2553 ignem
525 2454 698 2546 &aquarn
716 2450 937 2549 refrigerium
949 2452 1065 2530 ednbii
1085 2453 1179 2544 sunt,

219 2574 276 2648 ¹3·
300 2549 351 2630 Et
372 2574 421 2631 ne
439 2568 502 2629 rut
521 2550 797 2647 pertranseunda
810 2572 917 2646 aquas
931 2565 1089 2650 natatur,
1113 2565 1178 2631 aut
1273 2626 1278 2631 .

104 2650 346 2729 tranfilientia
365 2654 483 2752 ignem
505 2651 631 2739 saltus,
668 2666 730 2725 aut
744 2652 966 2731 innodatio
980 2654 1178 2754 inrefrige-

102 2758 206 2831 rium
222 2756 425 2833 communia
443 2752 592 2847 edcujne
606 2752 642 2829 ec
656 2752 793 2829 terreni
810 2754 885 2831 loci
898 2754 1042 2846 requies
1051 2752 1179 2853 signifi·

101 2854 184 2931 cari
203 2850 479 2949 existimaretur,
504 2853 655 2943 adjecit:
683 2853 830 2927 bretoilo
849 2854 1024 2927 indemne
1038 2861 1196 2929 cunin-

99 2953 307 3049 holocaustis.
371 2950 594 3027 Holocaustn
619 2951 754 3028 suntin
835 2973 855 3025 a
877 2950 1071 3030 hostiarum
1092 2974 1178 3031 cor·

102 3072 230 3147 pora,
264 3070 365 3140 quae,
398 3053 480 3142 quie
500 3048 582 3125 tote
597 3051 642 3124 ed
655 3052 773 3149 ignem
804 3048 951 3126 acrificii
970 3050 1180 3131 defereban-

103 3164 197 3230 tur,
219 3146 434 3221 bolocaustn
448 3146 530 3223 sunt
543 3162 759 3243 nuncupata.
786 3147 876 3241 ‚Per
894 3150 971 3227 hnc
988 3148 1097 3249 igitur
1114 3175 1178 3254 gns
1223 3217 1226 3234 .

103 3266 200 3325 nera
220 3266 426 3341 poenarum,
461 3244 646 3341 Martyres
666 3250 706 3323 in
726 3244 812 3343 fidei
830 3248 1074 3331 testimonium
1092 3272 1176 3329 cor·

101 3366 203 3445 porr
219 3343 281 3420 sua
294 3344 504 3423 holocausta
519 3363 728 3427 voverunt:
753 3361 796 3425 nt
808 3348 846 3427 in
861 3348 933 3427 Dei
951 3350 1111 3449 domum,
1129 3352 1176 3448 il
1207 3425 1213 3437 .

95 3445 184 3547 ¹est,
216 3446 257 3521 in
282 3442 432 3521 coeiellir
451 3444 623 3523 domicilii
642 3446 903 3527 habitationem
921 3450 1174 3533 consunnarte

99 3544 306 3627 hommum
322 3542 459 3621 suerum
476 3542 652 3622 sacrificiia
668 3548 874 3625 introirent.
1026 3544 1031 3553 ’

210 3666 269 3737 24.
296 3644 367 3719 Sed
388 3643 473 3738 quid
496 3646 642 3727 tandem
667 3647 706 3722 in
721 3648 794 3722 bac
808 3664 1007 3742 corporum
1025 3644 1172 3729 suorum
1218 3684 1223 3701 ·

98 3746 300 3821 obintione
315 3744 530 3821 voverunt?
555 3744 760 3821 scilicetne
777 3765 841 3845 per
858 3746 1106 3843 hecmanyrii
1116 3748 1171 3830 sui

101 3846 275 3935 exemplo
290 3856 415 3940 genter
434 3846 479 3919 ad
495 3842 592 3941 spem
610 3847 711 3943 regni
719 3845 1043 3924 aeternierudirent
1093 3850 1171 3951 Qui

103 3941 206 4017 eninr
228 3954 305 4017 turn
330 3940 507 4020 Christum
528 3944 790 4039 predicabant,
824 3966 902 4024 non
917 3946 1000 4042 fibi,
1039 3952 1170 4043 quibua
1199 3974 1204 3992 ·

102 4049 186 4115 tum
203 4051 282 4117 erat
297 4044 483 4138 cognitur,
520 4041 580 4119 sed
595 4045 730 4140 nobie,
760 4045 823 4140 qui
834 4044 948 4121 futuri
965 4046 1082 4123 adbuc
1093 4066 1170 4125 ern·

101 4158 211 4233 nnus,
243 4141 306 4213 vel
325 4142 450 4233 quibua
472 4154 548 4217 turn
567 4161 644 4219 erat
663 4146 892 4243 incognitus,
917 4148 1170 4241 predicabant.

104 4239 201 4336 Quae
226 4258 353 4315 eorum
382 4241 589 4334 pr'aedicatio
613 4246 732 4319 omnis
758 4244 977 4341 posteritatis
997 4242 1104 4322 fidem
1121 4246 1170 4327 td

103 4338 269 4429 martyrii
289 4338 496 4417 desiderium
520 4344 696 4419 accendit
755 4343 847 4419 Non
869 4346 965 4419 enim
984 4342 1086 4419 causa
1100 4346 1169 4425 alia
1290 4412 1293 4416 ,

105 4436 361 4534 manicabant,
385 4439 447 4515 nisi
464 4454 505 4515 ut
518 4438 600 4517 fidei
614 4440 901 4536 suenmartyrii
912 4446 1078 4539 exemplo
1090 4445 1170 4539 plu·

43 4578 44 4593 ι
104 4547 167 4609 ret
177 4540 553 4633 nntyreeerndirene
573 4540 1008 4715 AQuodPrutluedneuit.
1032 4543 1171 4743 {aaa

94 4677 100 4687 ,
554 4722 558 4730 .
623 4661 691 4737 η
1176 4703 1182 4710 .
