2717 5709
175 1104 249 1187 ης
510 1087 548 1169 ἃ
597 1087 904 1169 Hraaurr

275 1274 310 1343 4.
336 1251 496 1351 Populus
514 1265 634 1329 autam
649 1253 779 1349 impius
797 1255 830 1329 u
845 1256 1082 1351 parricidalis,
1110 1256 1252 1355 &proi

175 1356 291 1433 ditor:
318 1357 377 1447 qui
399 1358 434 1429 in
453 1354 561 1428 Doec
577 1353 730 1449 persona
745 1354 979 1453 fignificatur‚
1004 1362 1080 1455 regi
1099 1357 1164 1434 suo
1179 1364 1250 1437 ini·

174 1459 313 1546 micus,
345 1454 480 1527 scilicet
496 1456 636 1545 David,
668 1458 813 1551 prodit,
840 1459 940 1550 quod
956 1459 993 1533 in
1010 1455 1138 1535 Domo
1154 1461 1249 1536 Abi·

173 1556 315 1633 melech
339 1554 392 1629 srt.
453 1552 501 1628 Et
523 1557 595 1629 hoc
618 1554 679 1638 fit,
716 1578 796 1630 cum
815 1556 931 1629 Pilato
948 1562 1119 1642 traditur,
1159 1582 1248 1640 cum

173 1657 289 1735 homo
307 1651 571 1749 crucifigendus
592 1652 761 1749 offertur,
788 1679 868 1731 cum
883 1659 1073 1751 repudiato
1091 1680 1173 1757 rege
1182 1684 1246 1735 re·

174 1778 256 1855 gem
276 1754 373 1829 suum
393 1753 563 1830 Caesarem
582 1753 798 1830 confitetur:
825 1759 984 1851 prodens
1001 1760 1142 1851 quidem
1158 1782 1245 1841 eum

174 1860 213 1933 in
239 1858 351 1931 domo
379 1850 448 1927 else
473 1855 708 1947 Abimelech‚
744 1856 802 1929 sed
821 1879 896 1931 non
919 1860 1122 1957 intelligens
1140 1883 1247 1957 eum,

174 1980 258 2039 cum
275 1960 311 2030 in
328 1955 440 2029 domo
453 1956 733 2049 Abimelechsrt,
759 1959 795 2031 in
811 1959 922 2033 domo
939 1958 1009 2031 else
1023 1961 1160 2051 imperii
1175 1962 1249 2035 fra·

175 2058 291 2150 temi,
317 2076 451 2148 corpus
469 2056 624 2147 scilicet,
652 2058 688 2129 in
707 2078 780 2148 quo
797 2061 829 2130 ei
843 2056 1041 2133 sanilorum
1061 2056 1248 2157 Ecclesia,

175 2180 254 2255 quae
272 2176 405 2251 corpus
428 2153 478 2229 est
497 2154 650 2248 Christi,
684 2156 883 2231 conformis
908 2162 1161 2256 conregnabit,
1189 2164 1249 2235 in·

175 2255 342 2359 gressum,
368 2258 404 2329 id
418 2254 482 2347 est,
509 2257 631 2348 inqua
648 2256 926 2331 &desideratum
945 2259 1007 2333 fibi
1022 2259 1138 2332 cibum
1150 2258 1248 2335 sum·

173 2360 281 2451 serit,
315 2356 489 2432 desiderio
513 2360 608 2432 enim
624 2358 839 2432 manducare
860 2356 988 2451 pascha
1005 2358 1246 2455 desideravit,

177 2460 272 2535 &ex
289 2480 358 2552 qua
371 2456 511 2550 Golia,
537 2456 652 2552 idest,
679 2457 815 2531 diaboli
836 2479 931 2533 arma
945 2458 1138 2547 sustulerit3
1165 2459 1249 2533 sor-

176 2562 224 2635 tis
241 2560 334 2634 enim
352 2556 463 2652 spolia
481 2554 552 2651 ipse
566 2558 734 2651 diripuit;
756 2558 837 2651 post
857 2562 954 2649 quod
970 2558 1098 2633 abhoc
1111 2560 1248 2637 eodem

174 2660 298 2748 Dore,
323 2656 445 2751 idest,
470 2660 610 2751 populo
631 2658 823 2751 proditore
839 2658 1009 2752 Apostoli
1025 2661 1147 2753 occist,
1175 2657 1248 2735 Ec·
1286 2723 1288 2747 ,

176 2756 477 2845 elestaesubversae
497 2757 587 2833 sunt.
658 2758 756 2831 Hinc
772 2780 859 2857 ergo
881 2761 1005 2833 titulus
1027 2759 1169 2853 psalmi,
1206 2768 1246 2832 in
1285 2755 1288 2838 l

169 2866 273 2957 finem
290 2856 490 2943 intulerim
516 2860 597 2946 quia
611 2858 646 2930 in
665 2857 827 2950 Christo,
856 2862 913 2949 qui
933 2859 1077 2950 David,
1105 2862 1246 2955 oriens,
1286 2902 1288 2930 a

173 2962 308 3061 justus,
342 2979 406 3032 rex
430 2958 463 3030 δι
484 2971 637 3029 eternus
655 2957 690 3029 ot
705 2960 825 3050 pastor
849 2960 918 3044 est.
953 2961 1067 3031 totius
1085 2959 1156 3051 spei
1178 2984 1247 3035 uo·
1286 3030 1288 3035 .

175 3062 254 3139 strae
272 3057 558 3147 consummatio,
586 3057 619 3129 or
638 3059 726 3152 legis
742 3056 821 3131 finis
840 3060 1050 3154 intelligitur
1074 3060 1159 3133 else:
1184 3062 1248 3153 qui
1286 3106 1288 3119 ·

176 3164 212 3239 ἃ
237 3162 426 3236 secundum
450 3156 571 3253 psalmi
592 3160 735 3230 titulum
762 3159 794 3230 ἃ
815 3160 977 3231 ordinem
996 3161 1032 3232 in
1051 3182 1091 3231 ea
1110 3181 1243 3251 corpo·
1286 3205 1288 3222 .

176 3266 223 3337 ris
244 3264 292 3337 sui
309 3263 421 3335 domo
441 3259 606 3355 proditus
627 3257 700 3354 est,
727 3280 805 3352 quae
822 3262 853 3332 ei
865 3260 1012 3332 sraterni
1033 3262 1156 3334 domus
1171 3261 1245 3333 else

174 3362 390 3463 significatur
408 3361 558 3454 imperii.

275 3486 309 3550 ς,
338 3465 429 3555 Quid
441 3465 599 3553 gloriatur
615 3463 651 3527 in
669 3461 812 3543 malitia,
845 3479 955 3556 pireus
972 3464 1150 3557 iniquitate
1176 3480 1247 3533 roro

174 3560 248 3639 die?
271 3563 430 3661 Querela
444 3560 634 3653 Propheta
651 3556 714 3648 est,
743 3561 887 3653 gloriari
909 3585 988 3636 eum
1003 3565 1037 3633 in
1054 3562 1245 3651 iniquitate

174 3677 257 3741 tota
279 3665 357 3758 die,
393 3664 450 3753 qui
474 3661 509 3732 in
527 3661 660 3732 malitia
678 3678 809 3750 potens
830 3664 880 3735 stt.
934 3661 982 3733 Et
1005 3664 1081 3733 hec
1099 3663 1245 3752 quidem
1286 3734 1288 3739 .

174 3768 292 3867 gloria
315 3763 511 3855 iniquitatis
531 3761 700 3858 arguitur.
752 3759 922 3836 Ceterum
940 3762 990 3834 est
1003 3765 1117 3858 gloria
1133 3762 1167 3833 or
1184 3784 1245 3833 et·

173 3868 332 3964 petenda
354 3866 388 3939 ἃ
409 3860 639 3955 confitenda,
672 3861 855 3933 &alienu
872 3865 1027 3955 quodam
1046 3866 1242 3936 exultantis
1284 3933 1288 3942 ,

173 3968 292 4065 gaudii
314 3967 535 4058 eloquenda:
572 3962 671 4054 quorl
694 3979 885 4049 utrumque
911 3965 971 4035 sub
1000 3964 1124 4035 iisdem
1141 3963 1243 4035 dietis

174 4066 264 4141 alius
287 4067 466 4158 propheta
493 4062 732 4147 demonstrat,
766 4063 906 4134 diceus:
946 4063 1037 4135 Non
1067 4065 1244 4156 glorietur

174 4165 312 4261 sapiens
333 4165 369 4234 in
392 4164 560 4257 sapientia
583 4161 662 4253 sua,
697 4182 813 4252 neque
837 4161 942 4234 fortis
970 4165 1006 4235 in
1028 4162 1245 4234 sortitudine
1284 4159 1288 4253 Ι

173 4268 258 4360 sua,
295 4282 414 4354 neque
431 4263 532 4336 dives
559 4265 594 4335 in
613 4263 748 4335 divitiis
769 4260 854 4335 suis:
893 4261 949 4336 sed
968 4265 1026 4354 qui
1045 4265 1244 4358 gloriatur,
1285 4257 1288 4342 ξ

174 4371 212 4445 in
237 4365 400 4440 Domino
424 4364 610 4461 glorietur.
662 4362 799 4435 Vetitis
825 4363 920 4435 enim
943 4368 1093 4456 primum
1109 4365 1245 4455 impro-

171 4468 302 4545 babilis
324 4465 448 4561 gloriae
468 4464 602 4557 causis,
641 4460 778 4537 eausam
802 4461 936 4536 rursum
955 4466 1077 4560 gloriae
1099 4484 1247 4553 compe·

171 4568 283 4647 tentis
298 4565 466 4641 ostendit.
518 4565 606 4657 Quo
624 4567 792 4654 exemplo
810 4565 935 4637 beatus
951 4562 1149 4657 Apostolus
1166 4562 1244 4651 scit,

173 4671 212 4745 in
243 4671 344 4743 nullo
367 4665 451 4759 fibi,
488 4660 551 4743 nist
575 4665 706 4737 inuno
733 4676 872 4737 tantum
897 4661 965 4737 esse
991 4663 1248 4760 gloriandum,

173 4792 258 4849 curn
275 4766 358 4869 aitt'¹
370 4766 466 4844 Mihi
481 4780 602 4845 autem
615 4765 702 4841 absit
718 4764 878 4862 gloriari,
907 4764 968 4837 nisi
988 4767 1026 4841 in
1042 4782 1152 4875 cruce
1166 4763 1252 4853 Do·,

1104 4883 1197 4941 mim
