2717 5709
177 934 463 1047 'fraenandis‘
483 980 532 1033 tn
548 954 755 1076 XCVIII.
779 956 1014 1041 Piranum.
1064 978 1137 1057 5¹15
1201 1010 1206 1027 ,

81 1128 284 1229 facientum
300 1128 339 1196 in
352 1138 417 1196 tolo
430 1123 517 1193 corde
533 1144 607 1193 meo.
659 1118 736 1194 Scit
747 1122 1137 1217 nuncirnpollibilelibi

90 1229 170 1323 elie,
197 1224 294 1321 quod
314 1243 383 1297 nec
399 1221 527 1315 oculus
547 1220 661 1313 vidit,
686 1242 755 1295 nec
774 1225 866 1297 auris
881 1222 1039 1317 audivit,
1065 1245 1135 1301 nec

88 1336 121 1405 in
136 1347 193 1403 cor
208 1325 361 1401 hominis
376 1322 554 1415 ascendit,
579 1334 620 1394 ut
640 1320 793 1397 videat·
830 1322 906 1397 Scit
922 1322 1136 1405 invisibilem

86 1430 149 1507 eise
158 1422 471 1501 carnalibusoculia
480 1421 629 1519 gloriam
640 1418 731 1499 Dei„
754 1420 937 1517 Meminit,
961 1424 1135 1502 nondico

63 1539 64 1546 ‘
85 1532 126 1607 ad
147 1527 365 1623 Angelorum
388 1522 566 1596 claritates
587 1520 661 1595 hoc
674 1522 834 1597 humane
851 1524 996 1599 visionis
1014 1524 1148 1601 iumen·
1195 1546 1202 1580 ι

84 1628 248 1720 hebetari,
274 1622 332 1699 sed
345 1622 452 1719 ipsam
465 1623 617 1717 gloriam
630 1622 752 1695 vultus
765 1620 888 1717 Moysi
899 1622 1042 1701 humani
1054 1645 1134 1701 cor·

81 1725 413 1827 porisoculosnon
433 1718 559 1798 tuiiiie.
631 1764 635 1773 ·
677 1766 682 1775 ·
756 1730 765 1745 ‘

178 1834 209 1907 8.
234 1825 303 1899 Sed
320 1844 388 1898 noa
404 1844 448 1898 ex
465 1820 641 1897 desideriis
660 1818 822 1897 humanit
838 1818 1030 1921 Prophetae
1047 1824 1136 1903 desl-

82 1925 387 2016 deriametiamur.
435 1921 497 1995 lld
513 1920 1132 2021 egrellusregamqurntrexspetta·

80 2026 187 2101 tionis
203 2022 440 2100 sollicitudine
458 2020 637 2095 curritur?
665 2022 699 2095 dr
719 2022 815 2114 quod
831 2022 1036 2101 videntibus
1074 2046 1135 2101 au·

79 2128 173 2203 diurn
191 2120 262 2221 est,
294 2142 376 2198 cum
395 2120 428 2196 se
445 2122 663 2217 praebuennt
680 2122 936 2197 contuendos?
974 2048 1073 2227 QuiS
1089 2128 1134 2199 il.

76 2232 151 2303 lum
182 2222 330 2299 coelestis
353 2222 493 2317 spiritus
521 2242 690 2317 capacem
716 2225 831 2298 virum
858 2222 1134 2303 existimabimur
1185 2260 1190 2273 ·

78 2324 198 2400 velie?
222 2339 359 2417 quanto
380 2320 539 2397 desiderii
558 2320 687 2397 ardore
701 2342 847 2417 cupere,
873 2337 915 2399 ut
928 2322 1046 2401 Deum
1057 2346 1158 2403 cet·.

74 2440 159 2519 nat,
193 2426 251 2517 qui
271 2420 380 2518 ipsam
404 2422 499 2497 illam
519 2420 730 2501 invifibilem
754 2420 970 2517 majestatem
991 2428 1135 2523 peritas

72 2526 300 2622 Angelorum
317 2523 509 2615 claritates,
536 2522 647 2615 &per
662 2522 754 2596 hanc
768 2521 888 2617 Moysi
902 2526 1051 2621 gloriam
1065 2547 1139 2603 me·

70 2628 204 2715 tiatur3
238 2624 272 2709 δι
295 2622 381 2713 sciat
404 2623 510 2697 etiam
532 2642 620 2705 eoa,
658 2622 717 2713 qui
735 2623 830 2719 digni
848 2622 928 2699 sunt
943 2625 1137 2719 conspeetu

65 2728 160 2819 Dei,
185 2719 1009 2821 glorlam'exconlpettogloriaeellesumturus,
1036 2724 1137 2821 quod

65 2848 138 2902 eos
165 2824 255 2899 viiio
279 2836 419 2897 tantum
437 2821 471 2895 δι
490 2820 650 2921 dignatio
672 2824 925 2917 contemplate
946 2824 1137 2919 maiestatit

62 2921 275 3001 illuminet?
302 2922 414 3023 Quod
434 2919 569 2997 santus
586 2918 784 3015 Apostolus
805 2924 855 2997 ita
869 2924 1071 3023 intelligent
1083 2928 1138 3001 io·
1160 2964 1162 2971 ·

67 3023 216 3116 quitur:
250 3020 355 3113 Nos,
387 3022 524 3111 inquit,
556 3038 683 3092 omnen
697 3020 860 3095 revelata
873 3022 965 3097 facie
987 3026 1139 3121 gloriam

63 3122 145 3200 Dei
162 3118 421 3212 exspuentes,
447 3119 484 3191 in
500 3117 659 3193 eamdem
672 3117 780 3212 ipsam
791 3120 1045 3197 transferemur
1056 3126 1139 3202 imt-

60 3224 194 3323 ¹ginem
211 3241 231 3293 a
246 3219 361 3315 gloria
375 3218 585 3313 ingloriam,
611 3216 731 3293 ficota
742 3218 891 3295 Domini
905 3220 1038 3315 spiritu.
1088 3220 1139 3301 Et

60 3340 195 3415 nunc,
235 3318 317 3411 quia
344 3318 380 3391 id
404 3314 610 3409 impoiiibiie
633 3316 705 3391 istis
726 3322 893 3417 corporis
917 3322 1033 3399 ocuiia
1051 3321 1139 3399 sciet

60 3420 165 3512 zelle,
199 3420 286 3493 toto
306 3416 397 3492 istud
419 3418 531 3491 corde
552 3415 734 3495 desiderat
797 3416 847 3505 Et
870 3424 926 3495 cui
944 3420 995 3497 est
1011 3424 1138 3519 portio

61 3526 190 3611 Deus,
217 3514 904 3615 confidenterfaciemejusdeprecatur:
930 3522 1141 3615 quiequam·

64 3624 126 3697 uis
144 3640 257 3694 nemo
274 3618 460 3693 hominum
483 3616 607 3690 videat
622 3617 751 3695 faciem
767 3618 861 3711 Dei,
888 3618 921 3695 dt
940 3622 1064 3712 vivata
1088 3638 1140 3699 te·

61 3741 155 3798 men
181 3718 304 3793 Deum
328 3738 455 3794 omnes
472 3717 608 3791 mundo
626 3718 740 3793 corde
754 3720 863 3795 visuri
883 3718 973 3799 sunt.
1039 3720 1139 3821 Ergo

60 3817 352 3896 misericordiam
369 3818 462 3893 hanc
482 3839 501 3891 a
520 3816 604 3889 Deo
619 3818 799 3915 postulat,
825 3836 867 3894 ut
889 3820 951 3896 sthi
974 3822 1140 3899 videndae

60 3918 179 3996 faciei
201 3921 277 4011 ejus
295 3918 486 3993 beatitudo
507 3918 714 4017 contingat:
748 3918 956 4017 &postulat
971 3943 1048 3999 non
1066 3924 1141 3999 line

60 4020 220 4097 ‘atione
236 4018 420 4110 modoque
434 4014 629 4113 praestandi.

60 4148 66 4193 ε
176 4140 215 4215 9.
241 4114 309 4188 Ait
323 4117 436 4191 enim:
463 4118 618 4207 Miserere
630 4122 692 4192 mei
697 4118 868 4209 secundum
876 4120 1031 4222 eloquium
1040 4140 1141 4199 tutam.

61 4218 174 4297 fidei
189 4213 361 4292 modeste
374 4237 452 4291 vox
468 4215 534 4312 eii,
559 4214 835 4295 misericordiam
844 4217 915 4293 Dei
929 4244 1006 4297 non
1020 4223 1143 4299 secun·

61 4328 154 4397 ium
175 4328 412 4415 peccatorum
429 4314 572 4393 suorum
583 4317 852 4407 conscientiam,
876 4316 936 4397 sed
952 4322 1144 4400 secundum

61 4422 238 4517 :jusdem
262 4414 334 4490 Dei
360 4418 504 4508 eloquia
532 4417 729 4515 deprecari.
788 4418 864 4495 Scit
888 4420 1006 4497 Deum
1036 4426 1151 4499 etiam.

61 4516 333 4593 leccatoribus
350 4514 419 4591 eise
432 4520 551 4613 ignem
565 4517 845 4599 consumentem.
884 4518 1034 4615 Moyses
1050 4526 1145 4599 enirn

61 4624 139 4698 tit:
167 4610 799 4795 Deutnolierigniacoltgsgmenaest.
849 4618 1144 4801 Novituurnfflem

613 4799 617 4807 ,
653 4742 673 4795 2
1026 4748 1047 4799 e
1076 4749 1097 4801 e
