2717 5709
148 575 1288 859 u

296 1110 583 1191 Tuncrnrus
605 1128 655 1185 ιιι
678 1103 793 1188 Lils.
818 1108 1059 1190 Pastinum.
1138 1134 1210 1210 275

147 1278 263 1355 suumt
289 1271 356 1374 (sb
375 1272 671 1369 appropiantibus
687 1269 782 1346 enim
793 1270 935 1345 liberari
951 1272 1099 1347 animam
1113 1270 1209 1354 suam

188 1380 341 1453 atulatus
357 1374 428 1471 est)
446 1393 522 1446 non
539 1372 665 1465 utique
681 1369 875 1446 ministerio
886 1368 967 1445 lidei
977 1374 1208 1471 appropians,

160 1480 284 1555 edirae
304 1476 373 1548 Dei
389 1474 421 1545 bt
435 1472 733 1547 contaminationi
750 1468 995 1545 testamenti
964 1492 1051 1564 eJus.
1101 1472 1210 1551 Cete-

146 1598 223 1653 rum
239 1573 313 1669 ipse
329 1572 596 1666 blandiloquus,
622 1572 787 1645 emollito
801 1566 1032 1687 supereleum
1043 1568 1208 1653 sermone

146 1692 382 1769 euramagere
392 1672 525 1767 sepau
527 1670 774 1764 orontianum,
800 1671 1006 1765 etiamtum,
1035 1691 1114 1747 cum
1127 1696 1208 1768 pre

145 1776 228 1851 tlosr
252 1772 424 1869 unguenti
446 1697 561 1847 effuso
583 1768 758 1847 alabastro
781 1768 997 1863 conquestus
1011 1768 1082 1856 est;
1117 1788 1208 1849 tam·

145 1896 249 1969 quarn
273 1874 309 1946 id
333 1874 442 1971 magis
462 1873 591 1946 venire
606 1872 643 1944 in
663 1868 862 1965 sumptum
853 1890 1002 1964 inopum
1019 1871 1208 1953 debulliet.

146 1974 217 2048 Sed
237 1975 296 2047 ille
312 1970 537 2047 occasionem
553 1969 640 2044 furti
662 1972 707 2045 de
724 1971 885 2063 pecuniae
899 1972 1097 2045 collatione
1116 1993 1210 2065 quae·

145 2077 259 2150 rebat.
312 2068 360 2144 Et
374 2070 568 2146 istiusmodi
581 2070 679 2145 sorte
695 2070 928 2163 blandiloquii
942 2072 1061 2144 oleum
1072 2069 1209 2165 psalmo

144 2177 216 2249 alio
243 2172 359 2248 evitat
378 2171 582 2265 Prophets,
614 2190 696 2246 cum
713 2171 817 2245 dicit:
856 2170 987 2244 Oleum
1002 2178 1208 2263 peccatoris

144 2296 221 2350 non
244 2274 442 2369 impinguet
467 2284 577 2365 caput
599 2290 742 2357 meum3
783 2268 863 2365 quia
885 2266 947 2343 sub
971 2267 1088 2364 specie
1113 2272 1208 2348 boni

144 2375 267 2469 operis
281 2373 423 2445 malitiae
438 2390 534 2445 arma
552 2384 798 2445 commoveat.
850 2366 942 2442 Sunt
959 2385 1076 2444 autem
1098 2373 1208 2453 etiam

143 2478 182 2549 in
201 2475 320 2545 verbis
335 2471 473 2563 jacula,
498 2468 599 2544 sicuti
618 2469 744 2542 dentes
763 2466 899 2542 scutum
918 2469 950 2541 br
966 2468 1098 2567 sagittar
1110 2469 1207 2569 sunt,

145 2574 180 2646 dt
199 2574 318 2667 lingua
340 2572 512 2645 machera
533 2582 637 2641 acuta
657 2568 717 2643 eli.
771 2568 889 2643 pwpaec
881 2571 988 2665 igitur
1005 2568 1208 2651 sermonum

143 2670 259 2765 jacula
274 2668 484 2756 detestatur,
512 2690 589 2760 que
604 2672 712 2767 magis
730 2666 793 2741 sub
813 2669 1058 2743 blandimento
1077 2672 1207 2749 &adu-

143 2774 281 2845 latione
301 2771 466 2841 nocitura
485 2768 573 2843 sunt.

251 2880 304 2949 81.
331 2871 398 2942 Sed
430 2872 523 2941 inter
549 2866 651 2941 ista
642 2871 772 2940 inimici
803 2869 955 2959 ‚iacula
945 2872 1207 2962 imperterritus

143 2986 277 3063 manet,
304 2973 480 3063 nobisque
501 2987 646 3063 portum
668 2966 863 3041 securitatis
885 2965 993 3042 lidum
1016 2985 1206 3066 tutumque

145 3069 373 3145 demonstrat.
426 3070 593 3159 Sequitur
617 3072 726 3142 enim:
772 3069 871 3164 Jaiin
892 3075 928 3138 in
951 3078 1117 3140 llnminum
1133 3080 1209 3167 cogi·

143 3180 298 3243 tationem
319 3188 421 3256 luam,
448 3170 487 3242 ὅ
501 3176 560 3264 ipse
577 3187 607 3238 le
626 3176 787 3237 orulrier:
815 3171 984 3245 solidabit
1003 3177 1037 3238 in
1051 3192 1206 3246 aternum

142 3268 383 3367 slulluationem
395 3270 481 3361 juflo.
536 3266 681 3338 Ademit
703 3270 807 3338 uobis
823 3270 928 3338 etiam
946 3276 981 3339 in
1000 3267 1208 3367 Euangeliis

144 3367 327 3440 Dominus
343 3364 586 3436 sollicitudinis
610 3366 867 3455 necessitatem,
899 3367 1038 3441 dicens:
1075 3370 1207 3451 Nolite

144 3464 288 3541 solliciti
305 3461 371 3536 elic
387 3466 431 3536 de
450 3461 620 3537 crastino:
644 3462 769 3537 sufficit
789 3470 879 3540 cuim
899 3468 965 3538 diei
984 3470 1114 3545 mulitia
1134 3474 1204 3553 sira.

143 3568 307 3665 Querite
333 3568 482 3655 primum
504 3585 650 3661 regnum
685 3569 754 3638 Dei
787 3569 819 3638 u
842 3569 1008 3658 justitiam
1032 3576 1133 3663 ejus,
1173 3576 1208 3649 bt

144 3671 264 3740 omnia
292 3663 549 3758 praestabuntur
582 3667 711 3737 uobis·
759 3690 901 3741 omnem
924 3669 1058 3757 scilicet
1086 3695 1205 3749 curam

145 3770 184 3839 in
214 3766 457 3859 promerendo
485 3764 554 3835 Dei
585 3786 699 3861 regno
732 3768 762 3837 dr
790 3766 917 3851 iustitia
944 3772 1204 3852 collocandam.

145 3866 310 3960 Jatianda
325 3886 412 3960 crgo
429 3865 507 3957 supe
493 3886 623 3938 ereum
641 3887 724 3935 cura
744 3868 810 3938 est:
838 3862 909 3957 ipse
927 3872 1017 3941 euim
1034 3874 1205 3968 enutriet,

146 3964 336 4037 secundum
351 3966 454 4037 illud:
483 3967 594 4057 Super
606 3964 855 4054 atpiramresecti
861 3972 940 4039 ouis
951 3976 1093 4042 enutrit
1097 3974 1124 4043 ιι
1138 3999 1206 4051 me.

147 4060 341 4135 Enirtriens
362 4081 572 4137 autemnon
599 4068 810 4156 relinquet
801 4090 835 4139 in
860 4066 1021 4141 fluctibus
1043 4070 1136 4146 istius
1159 4074 1207 4147 se·

146 4164 238 4252 culi,
275 4163 371 4232 stetui
347 4179 480 4234 ttenu
484 4170 570 4237 ritus
594 4166 707 4259 Jacob
736 4189 877 4240 omnem
905 4172 1148 4262 tempestatem
1172 4175 1207 4247 ιιι

147 4261 654 4337 odiorum&dureseri1tu
630 4284 673 4337 is
689 4268 813 4357 eiad
842 4270 979 4343 dicens·
1006 4272 1120 4359 Deus,
1146 4275 1207 4363 qui

147 4362 322 4434 enutrivit
335 4383 390 4433 me
406 4383 424 4431 a
439 4362 503 4477 juey
508 4380 630 4436 cntute
645 4389 732 4439 men
787 4367 862 4481 lpse
877 4371 969 4440 enim
986 4373 1068 4441 vitre
1083 4370 1207 4461 ιιιξιοι

147 4460 211 4551 est,
238 4458 571 4559 ipsecibiiargitot,
597 4470 997 4560 nonterrenitantum,
1024 4468 1207 4548 sedetiam

146 4562 318 4657 spiritalis

251 4684 303 4755 19
330 4658 396 4731 Sed
421 4662 483 4732 illo
514 4658 761 4753 superaquam
789 4662 994 4739 ιιιιὲιιοιιίι
1027 4668 1226 4760 educato,

152 4762 202 4831 de·
213 4764 417 4851 aprocellae
433 4758 597 4835 riutiibus
618 4762 744 4837 libitu
716 4784 800 4861 ιιι,
831 4769 943 4869 digna
963 4769 1109 4865 impios
1130 4786 1254 4857 puna

642 4866 663 4942 S
701 4894 721 4945 ι
1081 4863 1222 4942 conis·
