2717 5709
134 581 1288 883 u

168 1084 252 1177 1ἳοι
336 1150 342 1159 .
509 1074 548 1159 8.
594 1080 900 1159 Ηιωιιι

182 1266 268 1323 roro.
318 1243 466 1339 Quorum
478 1266 511 1316 os
530 1242 744 1317 maioiiiiione
764 1240 803 1320 (5
820 1243 1037 1317 amaritudine
1048 1244 1179 1341 pienum
1192 1244 1246 1342 efl,
1271 1322 1275 1331 ,

179 1348 298 1417 nenses
312 1347 403 1441 pedes
423 1367 527 1418 eorum
544 1348 585 1417 ad
599 1346 820 1438 effundendum
829 1345 1026 1439 fringuinem.
1079 1348 1246 1421 Contritit

180 1442 223 1523 σ
250 1442 429 1538 infelicitas
452 1451 491 1515 in
511 1449 578 1517 viis
597 1468 721 1532 eorum,
748 1443 786 1521 D
804 1450 893 1515 viam
911 1450 998 1541 pacis
1013 1469 1078 1514 nan
1094 1470 1246 1540 cognove-

182 1562 284 1621 runt:
308 1568 376 1615 non
393 1544 434 1643 oJl
450 1551 548 1617 timor
565 1548 632 1618 Dei
643 1561 721 1617 ante
732 1547 827 1617 oculos
840 1570 954 1620 eorum.
1004 1548 1127 1618 Nonne
1138 1571 1245 1645 cagno-

173 1644 266 1739 scent
279 1667 403 1733 omnes,
427 1648 483 1743 qui
496 1663 671 1741 operantur
685 1650 916 1745 iniquitatem,
941 1648 999 1742 qui
1012 1645 1168 1717 devorant
1182 1648 1245 1743 plo·

179 1744 247 1818 tao
265 1744 450 1843 meamfiaut
464 1745 558 1835 escam
566 1741 691 1843 panio?
715 1750 891 1819 Dominum
907 1771 975 1816 non
989 1752 1243 1822 invocaverunt:

179 1846 246 1918 illic
259 1847 501 1940 trepidaverunt
517 1851 647 1939 timore,
679 1847 736 1916 ubi
752 1872 817 1917 non
838 1862 908 1917 erat
923 1852 1031 1926 timor.
1081 1850 1245 1941 Quoniam

180 1950 273 2021 Deus
287 1950 325 2015 in
341 1952 544 2040 generatione
552 1948 635 2046 justo
648 1946 706 2045 est:
732 1948 892 2041 confilium
912 1950 1016 2043 inopis
1033 1947 1243 2042 confudistis:

176 2053 330 2145 quoniam
354 2050 509 2117 Dominus
523 2048 591 2143 lpus
609 2052 676 2145 ojus
694 2046 746 2144 esi.
798 2051 885 2140 Ques
904 2049 993 2118 dulit
1009 2072 1048 2117 eu
1065 2050 1145 2120 Sion
1159 2048 1245 2133 salu·

179 2162 252 2219 toro
275 2140 396 2235 lsrael?
433 2146 516 2221 Cum
539 2152 698 2219 averterit
727 2152 884 2218 Dominus
903 2151 1123 2243 captivitatem
1139 2148 1246 2246 plebio

170 2246 259 2343 suu,
285 2246 443 2322 exultabit
461 2248 586 2344 Jacob,
611 2246 650 2324 (Ἰ
670 2248 834 2320 letabitur
852 2248 960 2337 Israel.

394 2402 757 2481 TRACTATUS
801 2403 1026 2482 PSALMI.

82 2620 84 2629 ,
281 2554 323 2624 ln
345 2551 481 2621 editione
496 2550 658 2647 Parissenfi
677 2548 883 2641 onni16o5.
905 2574 943 2618 ex
955 2549 1051 2619 codice
1065 2551 1104 2626 S.
1126 2552 1246 2622 Maxi·

178 2653 265 2727 nini
275 2652 472 2747 Mirracenfis
478 2658 617 2745 primum
625 2651 885 2747 vulgatuseflhic
895 2648 1068 2722 Troiiam
1072 2652 1180 2747 priore
1182 2651 1244 2741 fisa

176 2769 288 2851 porte,
320 2776 339 2820 a
363 2774 492 2819 numero
513 2753 659 2821 videlicet
671 2755 772 2846 primo
786 2752 826 2820 ad
846 2756 977 2821 tortium
995 2773 1092 2848 usque
1111 2767 1244 2824 trunco·

178 2869 245 2927 tus.
298 2853 422 2943 Integer
444 2851 527 2920 modo
542 2850 706 2921 exhibetur
722 2875 760 2920 eor
773 2866 939 2920 memorato
952 2851 1049 2921 coelice
1068 2853 1242 2937 Vaticano,

178 2958 219 3026 in
231 2978 290 3049 quo
308 2955 347 3020 ad
362 2952 470 3019 calcem
489 2953 623 3046 opusculo
638 2953 805 3048 superioris
814 2948 1029 3039 subocciiitur.
1082 2946 1244 3041 Explicit

178 3053 226 3130 tie
249 3053 357 3125 titulo
381 3049 498 3146 psalmi
523 3053 623 3126 noni.
685 3051 813 3141 Incipit
834 3049 983 3142 psalmus
1011 3070 1086 3122 xiii.
1140 3049 1242 3143 Lege

175 3154 344 3230 feliciter.
394 3150 497 3222 Dixit
511 3152 674 3243 insipiens
692 3154 726 3222 in
739 3149 938 3223 cordesun:
967 3149 1051 3220 Non
1064 3148 1114 3219 est
1124 3148 1242 3240 Dein,

178 3254 215 3331 ἀ
234 3256 379 3347 reliqua,
429 3248 471 3323 ln
494 3253 613 3324 multis
634 3273 702 3324 nos
720 3253 905 3342 erudiens,
945 3250 1008 3325 Dc.
1039 3250 1162 3340 ls'eria,
1190 3251 1242 3318 do·

177 3355 310 3446 Drino,
338 3357 572 3445 interpretandi
590 3358 673 3422 ratio
696 3354 822 3421 Hilarii
837 3376 953 3421 venam
984 3349 1021 3425 (5
1039 3358 1166 3442 genium
1194 3374 1245 3418 re·

176 3455 296 3530 ionas.
352 3457 466 3545 Longa
489 3459 601 3549 quippe
619 3456 760 3548 periodi,
800 3458 899 3521 totius
919 3452 1032 3546 pfiilmi
1054 3469 1244 3543 argumenta

170 3574 231 3656 per
250 3568 414 3648 repatrians
432 3553 619 3635 particulam
639 3553 698 3623 ubi
712 3552 942 3647 perſtringendi
958 3553 1081 3635 modus,
1109 3579 1168 3646 qua
1191 3578 1245 3619 ra·

176 3662 267 3730 tione
293 3677 397 3723 omnes
424 3658 603 3746 Ancurana
622 3656 735 3747 synodi
762 3655 958 3742 definitiones
979 3652 1032 3724 lii.
1058 3653 1093 3720 cle
1120 3652 1243 3740 Snnod.

172 3781 267 3829 num.
292 3774 352 3847 27.
373 3755 646 3850 perstringuntur,
672 3780 728 3823 ner
748 3780 810 3823 non
829 3756 891 3821 ires
910 3778 995 3822 num.
1018 3772 1051 3844 3.
1074 3753 1108 3820 in
1130 3751 1246 3843 singn-

174 3858 220 3935 lis
246 3856 366 3928 verbis
392 3855 532 3952 singulae
547 3856 702 3929 virtutes
724 3851 1057 3945 suntexplicandae,
1094 3849 1245 3936 Dalii,

175 3980 244 4056 ques
269 3962 305 4021 in
331 3960 453 4025 notulis
483 3958 672 4039 indicamus,
706 3960 737 4029 or'
757 3962 954 4022 conveniunt
979 3976 1071 4046 quam
1095 3976 1245 4024 maxime.

174 4058 378 4147 Quamquam
392 4059 562 4122 concionem
572 4058 713 4147 proxime
722 4055 784 4147 poli
792 4056 904 4147 psalmi
917 4050 1080 4123 lcfir'oncm
1096 4051 1246 4121 habitant

173 4154 230 4255 ifle
245 4181 279 4225 ac
286 4154 473 4248 subsequens
495 4147 670 4225 Troiiatus
689 4159 782 4245 magis
790 4155 944 4248 sapiunt,
968 4177 1062 4249 quarn
1083 4153 1217 4245 reliqui.

173 4378 213 4435 ι,
237 4355 372 4525 Dixit
394 4352 538 4449 infipiens
558 4356 593 4421 in
611 4355 695 4422 corde
706 4355 780 4441 suo:
817 4357 895 4424 Non
910 4353 949 4447 esi
967 4358 1073 4437 Dour,
1109 4352 1143 4422 &
1161 4353 1243 4423 reli·

333 4473 410 4543 qua.
457 4452 1103 4543 InmultisnoserudiensApostolus‚
1133 4455 1243 4527 etiam

175 4555 262 4630 inde
281 4554 391 4626 docet
404 4575 484 4625 cuin
498 4554 595 4624 omni
610 4554 815 4625 reverentia
832 4553 982 4625 verbum
1001 4551 1071 4622 Dei
1091 4551 1159 4621 elie
1176 4568 1245 4621 tra·

169 4653 361 4745 itenditur,
398 4655 536 4725 dicens:
576 4655 648 4749 Qui
671 4655 850 4741 loquitur,
890 4666 1067 4741 tamquam
1097 4654 1244 4739 eloquia

148 4749 243 4837 Dei.
296 4754 393 4835 Non
410 4750 1131 4919 enimseeundunieimnnisnnstriusnrp,
1158 4773 1245 4840 pro·

1034 4868 1209 4925 mmm
