2717 5709
270 890 558 978 ‘feneramur
588 911 639 969 nr
667 889 759 970 Lli.
791 890 1030 975 Paanrruar.
1111 903 1186 989 aas

102 1066 231 1143 bonna
244 1081 362 1137 nemo
383 1057 438 1144 stt
499 1056 650 1131 Bonitas
676 1074 830 1147 namque
856 1056 1007 1149 primurn
1022 1054 1182 1150 persedia

105 1162 177 1256 eil,
204 1182 283 1253 quae
296 1158 560 1234 indemutabilis
576 1170 712 1230 naturae
728 1159 867 1229 virtute
883 1154 1090 1249 consistens,
1117 1178 1181 1232 ne·
1236 1187 1241 1195 ·

100 1260 173 1339 scit
189 1259 383 1353 aliquando
402 1254 596 1347 aliudesse,
624 1276 728 1348 quam
740 1254 863 1347 fuerit,
889 1254 1090 1348 necpotest
1102 1276 1181 1333 nou

99 1362 139 1439 id
156 1360 257 1453 elle,
291 1358 392 1451 quod
409 1354 545 1449 semper
567 1356 628 1432 est.
681 1353 838 1430 Humani
858 1374 949 1427 vero
964 1369 1086 1431 motus
1105 1354 1178 1449 ipsa

97 1465 318 1557 plerumque
337 1461 544 1535 mutatione
573 1456 704 1531 diversi
726 1453 826 1545 sunt,
863 1452 897 1525 dr
923 1467 1073 1531 terrene
1088 1456 1178 1551 legia

96 1558 313 1655 imperfecta
328 1573 457 1631 natura
478 1552 522 1628 iit
536 1557 622 1647 alia,
649 1576 695 1629 ex
715 1555 786 1627 alio
804 1551 968 1629 lnfflnbu
984 1551 1018 1627 se
1037 1568 1178 1648 pertur-

97 1660 216 1738 bante
233 1661 440 1733 demutans:
466 1655 608 1729 &adid
623 1674 694 1729 noc
714 1653 929 1727 diversamm
943 1650 1177 1731 affectionum

95 1776 228 1840 motus
265 1757 440 1851 impellit,
479 1757 563 1829 dum
596 1754 817 1829 contumelia
850 1752 1053 1845 irascimur,
1088 1754 1175 1837 dum

95 1861 236 1937 damno
265 1855 594 1949 movemur,‚‚dum
616 1855 668 1929 ira
685 1852 934 1945 accendimur,
973 1855 1055 1929 dum
1073 1869 1175 1931 metu

95 1960 378 2055 perturbamur,
404 1958 629 2047 dumamore
649 1952 882 2044 inflectimur,
909 1953 991 2031 dum
1008 1954 1098 2027 odio
1110 1953 1175 2037 im,

95 2060 291 2153 pellimur,
318 2057 401 2131 dum
418 2055 551 2151 gaudio
570 2052 772 2148 efferimur,
801 2054 886 2129 dum
902 2054 1033 2151 dolore
1054 2054 1174 2141 stimtn

50 2164 51 2178 ¹
95 2160 237 2245 lamur,
264 2159 348 2231 dum
361 2157 500 2248 iudicio
516 2154 734 2245 diffidemus,
760 2154 843 2231 dum
861 2168 967 2229 aetate
980 2168 1170 2238 mutamur.

93 2256 169 2337 Hie
199 2278 286 2353 ergo
315 2254 444 2328 subditi
470 2269 607 2341 natura
630 2250 777 2329 infirmit
801 2253 982 2347 motibus,
1000 2258 1171 2349 ,aequalet

94 2357 263 2436 ellenon
278 2354 473 2448 polluntur,
500 2354 631 2447 dum&
648 2351 778 2433 affeiiu
789 2355 1023 2431 demutabiles
1036 2350 1168 2449 sumus,

49 2451 51 2536 ἶ
96 2456 137 2529 dt
152 2470 331 2547 ternpore.
380 2453 581 2529 Etidcirco
600 2452 758 2552 persesta
774 2452 917 2529 bonitas
932 2456 968 2527 in
986 2456 1087 2529 nullo
1102 2454 1168 2549 est,

93 2556 185 2647 quia
214 2576 292 2631 eam
318 2555 531 2636 naturalium
559 2554 873 2648 perturbationum
898 2556 1084 2629 incentiva
1108 2553 1170 2639 deff

94 2667 254 2731 mutant.
302 2654 374 2729 Sed
392 2666 526 2748 tamen,
550 2675 632 2729 cum
646 2656 683 2728 in
703 2654 878 2729 bonitatis
897 2656 1013 2729 sumus
1025 2656 1086 2729 vel
1100 2675 1168 2727 vo·

93 2756 259 2847 luntate,
287 2757 348 2827 vel
363 2755 490 2851 gestia,
517 2776 593 2829 non
605 2752 788 2849 possumus
806 2755 969 2841 vultune
990 2775 1067 2830 uon
1092 2754 1169 2837 boc

93 2852 189 2955 esse,
222 2854 324 2947 quod
349 2854 475 2931 sumus.
528 2853 577 2930 Et
603 2856 767 2947 quamvis
790 2852 987 2947 imperfetll
1008 2854 1052 2931 ad
1071 2854 1108 2927 id
1126 2854 1168 2931 sr-
1302 2868 1306 2875 '

91 2974 203 3046 mus,
220 2976 266 3029 ne
285 2954 423 3049 semper
440 2958 476 3029 id
489 2954 611 3029 snmus:
638 2956 738 3046 quod
756 2970 876 3031 tamen
892 2954 1008 3029 sumus
1022 2956 1059 3029 iu
1079 2968 1169 3045 tem·

89 3074 210 3148 pore,
247 3056 336 3127 licet
349 3076 412 3145 per
429 3067 565 3129 naturae
579 3052 823 3133 infirmitatem
844 3053 1082 3128 demutationi
1098 3058 1167 3129 bo-
1219 3078 1222 3086 ’

89 3153 217 3225 nitatis
233 3153 428 3241 obnoxiis,
464 3172 541 3228 nou
560 3153 727 3227 adimitur
749 3152 861 3229 nobit
874 3152 997 3227 bonor
1014 3172 1085 3229 not
1101 3154 1166 3234 vai

47 3264 49 3275 ·
89 3246 282 3339 tumeffe,
308 3249 539 3326 cumsumua.
1056 3268 1099 3311 ··
1208 3276 1211 3287 ·

197 3368 253 3422 12.
278 3346 403 3423 liunus
416 3363 538 3427 autem
552 3350 648 3427 solua
664 3372 730 3445 per
746 3364 908 3427 naturam
925 3351 1164 3433 indemutabi-

88 3450 165 3523 lem
184 3446 280 3522 suam
296 3445 431 3541 semper
452 3447 577 3541 Deru,
615 3472 692 3526 non
713 3452 895 3544 pradurus
915 3453 1020 3545 hujm
1041 3453 1165 3541 demna

89 3550 243 3630 tatiomr
263 3546 395 3623 nostre
411 3550 544 3623 arbiter
561 3550 651 3642 fuit,
684 3550 939 3647 indulgentiam
963 3549 1167 3629 infirmitati

89 3648 242 3739 nostre,
277 3666 349 3739 qua
362 3668 438 3723 non
458 3644 595 3744 semper
608 3650 698 3725 boni
717 3670 986 3743 permanemus,
1024 3673 1069 3725 ex
1089 3672 1166 3726 mea

89 3750 168 3821 rito
188 3750 396 3827 voluntatis,
410 3749 638 3844 impertiens,
664 3760 733 3841 q'ua
750 3753 871 3825 bonos
886 3770 956 3825 uos
977 3748 1047 3827 else
1066 3751 1164 3827 dele·

93 3844 184 3921 slata
219 3849 501 3945 miscueris,
535 3870 614 3941 quae
629 3851 806 3940 velimus,
843 3852 1060 3945 propitiatus
1082 3849 1166 3945 est,

92 3964 199 4033 quarn
213 3944 287 4035 bia,
318 3966 495 4037 que-non
513 3946 716 4039 possumus,
747 3953 859 4023 iratur
876 3948 938 4025 est.
991 3948 1163 4041 Namque

91 4062 176 4122 curn
189 4041 327 4135 Mopsi,
350 4042 445 4121 fideli
465 4048 723 4141 ntiqueamic'o
737 4048 816 4137 suo,
829 4048 875 4123 'dr
892 4049 1161 4143 quemindeum

89 4139 271 4217 Pharaoni
288 4141 543 4237 constituerat,
569 4145 726 4225 dixisset:
752 4148 847 4247 Quia
860 4170 936 4232 non
952 4145 1163 4249 glorificasti
1226 4162 1230 4169 ’

91 4260 149 4321 rue
168 4240 207 4319 iu
226 4243 326 4333 aquis
347 4246 669 4338 contradiiiionia,
702 4246 851 4324 ascende
864 4251 903 4323 in
918 4263 1099 4340 montem,
1125 4248 1169 4355 dt,

90 4359 251 4417 morere:
276 4341 374 4417 hunc
395 4344 457 4419 srbi
472 4346 598 4443 postea
645 4344 834 4442 sepulture
855 4350 931 4441 eJ‘us
949 4350 1038 4437 loco
1059 4370 1164 4429 ane·.

89 4441 184 4519 mine
212 4442 389 4539 cognito,
423 4465 494 4520 una
509 4466 592 4523 cunt
605 4399 688 4547 sitia
708 4450 753 4522 ab
774 4446 960 4541 Apostolir
977 4450 1014 4523 in
1029 4462 1158 4525 monte

90 4536 319 4639 conpertum
345 4542 468 4647 beau,
502 4545 539 4625 dt
559 4547 686 4622 eterni
705 4549 808 4651 regni
827 4546 879 4627 sui
894 4544 1157 4643 consortem&

583 4644 621 4747 Q
646 4666 669 4744 i
974 4659 1128 4747 wil<
