2717 5709
337 935 386 992 ru
414 916 608 1000 Scnrrrr
640 919 841 1002 Hrunnrr.
980 986 983 990 Δ
1033 939 1120 998 uxrx

126 1091 129 1098 ·
180 1073 345 1154 Eusebium
359 1099 502 1173 quoque
515 1078 689 1176 Pamphili
701 1075 1047 1174 Theopeschiterurn
1062 1103 1115 1154 er·

137 1217 170 1268 ne
188 1199 342 1274 inlutum
367 1199 452 1292 elie,
484 1201 604 1276 scribit
625 1199 801 1274 Batonius
817 1202 859 1277 ed
878 1221 1008 1276 anuum
1030 1221 1114 1292 324·

122 1317 217 1418 ¹liner,
241 1337 319 1394 rro.
374 1319 423 1391 At
444 1321 541 1412 quod
560 1323 603 1394 ed
620 1321 724 1412 hujus
735 1321 787 1393 rei
799 1321 1051 1412 probationem
1067 1345 1113 1400 ex

122 1437 174 1538 isiu
189 1437 225 1510 rd
250 1435 490 1516 Constantiam
520 1439 669 1538 epistola
695 1435 822 1530 effert,
856 1439 942 1512 nihil
962 1443 1111 1523 evincit.

125 1555 177 1628 'nno
199 1555 281 1630 eliud
306 1579 389 1632 eum
418 1558 573 1654 sensisse,
613 1583 657 1634 ex
681 1562 776 1634 libro
809 1559 968 1650 ejusdem
997 1585 1032 1652 ῳ
1051 1562 1111 1637 de·

121 1659 188 1748 'orl
205 1671 339 1776 Evang.
362 1700 392 1756 c.
413 1701 467 1774 ¹3·
486 1680 712 1759 commodius
730 1677 946 1760 confeceris.

120 1761 124 1912 ζ
164 1791 276 1888 Neque
302 1818 398 1870 vero
419 1801 478 1876 hic
498 1821 600 1875 error
625 1813 701 1875 erat
722 1800 904 1891 omniun,
929 1798 991 1889 qui
1016 1797 1109 1877 Ario
1218 1808 1223 1821 '

120 1909 234 2032 Einhart,
260 1923 477 2012 communis,
503 1918 561 1994 sed
576 1918 760 2014 insignium
774 1917 1000 2012 quorundam
1010 1917 1110 1994 Aria·

120 2047 203 2124 ‘zum
226 2033 433 2115 &maxime
456 2039 716 2114 Anomoeorum
732 2041 910 2136 proprius.

162 2151 198 2225 Hi
214 2168 252 2227 ut
274 2155 372 2234 suem
392 2158 588 2234 dodlrinam
608 2158 745 2232 facilius
768 2173 976 2242 tuerentur,
1012 2179 1112 2234 corn·

124 2273 170 2342 :nri
183 2270 271 2359 sunt,
300 2299 437 2382 corpus
461 2278 575 2385 solum
591 2279 663 2354 srne
681 2279 796 2352 anime
810 2299 830 2350 e
843 2277 973 2351 Verbo
989 2275 1110 2354 effum-

127 2389 223 2472 nesse.
274 2400 392 2498 Quod
407 2399 500 2476 eninr
513 2401 586 2474 hoc
602 2411 846 2474 commentum
864 2396 1110 2492 Apollinarius

123 2507 284 2590 rrfinrerit
306 2521 466 2613 primus,
492 2515 551 2593 sed
570 2519 613 2591 ab
634 2518 775 2592 Arianis
788 2519 983 2614 acceperit,
1010 2517 1107 2594 testis
1231 2599 1237 2610 ,

122 2623 366 2712 illeoloretus
376 2639 438 2712 sub
447 2640 576 2736 dialogi
587 2637 783 2730 minicium,
800 2637 860 2712 ubi
875 2639 943 2712 ait:
968 2638 1108 2734 „Arius

119 2741 302 2866 llunomius
329 2776 481 2836 creatam
509 2761 641 2835 volunt
659 2757 843 2855 unigeniti
865 2752 1109 2836 divinitateme

121 2863 171 2940 iun
188 2893 317 2972 corpur
336 2875 516 2954 ellumsrffe
537 2878 711 2956 dicunt.“

161 2987 272 3088 Neque
291 2997 529 3097 Augustinum
545 2999 637 3098 fugit
648 2999 726 3075 haec
736 2994 954 3074 Arianorurn
966 2999 1108 3095 opinio,
1242 3040 1243 3043 κ

121 3115 165 3182 lui
177 3113 240 3189 eliis
255 3120 373 3196 minus
390 3109 514 3194 no'tem
534 3118 765 3193 existimavit:
791 3117 851 3196 Sic
868 3139 982 3214 porro
999 3119 1109 3194 hebet

119 3217 306 3344 {ldehaercss
325 3261 357 3316 c.
379 3259 436 3334 19.
489 3238 566 3334 „ln
588 3259 634 3330 eo
649 3253 790 3332 autern,
813 3236 913 3332 quod
931 3237 1108 3331 Christum

119 3353 144 3410 re
157 3353 251 3430 nina
276 3380 421 3437 curnem
443 3357 615 3458 accepisse
634 3360 851 3434 arbitrentur
871 3354 1018 3455 Ariani,
1044 3361 1110 3434 ml·

118 3471 214 3546 iinon
236 3476 337 3575 sunt,
370 3499 438 3554 nec
453 3479 619 3554 adversus
640 3481 762 3554 euseb
778 3478 900 3570 aliquo
918 3479 1043 3577 inueni
1064 3477 1110 3552 de

118 3593 142 3646 ur
155 3605 184 3660 re
200 3593 296 3674 inille
317 3613 506 3673 certatum.
558 3595 627 3672 Sed
649 3599 722 3676 hoc
737 3619 866 3670 verum
887 3595 958 3670 effe
973 3596 1008 3670 dr
1026 3592 1110 3692 Epi·

117 3691 215 3807 thurius,
238 3719 358 3794 haerefi
379 3723 439 3816 69,
456 3715 509 3818 §§,
527 3736 588 3814 49.
605 3715 640 3789 du
657 3737 739 3808 so,
767 3715 851 3789 &in
866 3714 1057 3790 Ancorrto
1073 3721 1106 3812 §.

118 3827 137 3900 l·
152 3844 210 3906 non
235 3842 368 3933 tacuit,
395 3839 429 3914 dr
451 3859 520 3937 ego
537 3859 581 3912 ex
599 3856 727 3910 eorum
748 3835 955 3929 quibusdam
971 3833 1107 3935 scriptis

117 3925 408 4034 lcnllocurionibue
424 3957 608 4034 certillime
623 3957 831 4052 comperi.“

161 4061 275 4154 Nihilo
300 4092 418 4156 temen
439 4077 554 4154 minus
581 4078 654 4156 boc
677 4077 734 4153 alii
749 4079 869 4170 plruee
888 4092 1110 4168 comperero.

117 4163 259 4294 liburnus
270 4199 361 4272 hanc
375 4218 501 4274 eorum
516 4195 734 4292 sententiaro¹
742 4193 803 4271 sub
816 4195 954 4271 initium
970 4183 1110 4268 libri'de

117 4291 196 4380 lutari
211 4317 366 4394 adventu
383 4319 416 4414 J.
434 4315 474 4396 C.
493 4333 615 4414 aperte
632 4315 679 4392 slc
697 4315 838 4410 prodit:
862 4314 1011 4411 „Arius
1035 4333 1109 4387 cer·

118 4423 152 4490 ill
170 4423 265 4513 solem
287 4441 331 4514 ed
354 4439 638 4516 occultationem
659 4437 816 4512 Deitrtis
833 4435 1049 4510 confitetur:
1075 4432 1111 4508 dr

117 4543 145 4603 ’ἦ
155 4551 263 4642 llstm
277 4562 446 4654 interiori
457 4559 620 4653 homine,
644 4555 681 4633 id
701 4555 768 4654 eil,
792 4557 921 4665 emme,
946 4555 1111 4654 Verbum

542 4695 611 4770 en
701 4672 706 4682 '
774 4671 780 4682 ’
976 4674 1064 4747 dicit
