2717 5709
846 582 850 591 ι

859 606 897 628 ¹.

859 658 866 674 1

126 855 258 867 nia-uun-
362 858 399 869 ιι-ιι

233 950 240 971 Ι
1090 972 1093 977 .

189 1132 241 1207 6³
524 1102 564 1185 8·
613 1106 918 1189 Hilarii

192 1274 337 1361 uitatea
374 1282 417 1345 ut
437 1282 590 1365 propter
615 1266 860 1366 praesentiam,
898 1230 1131 1367 suspicionem
1166 1282 1265 1375 quan

192 1374 276 1451 mali
294 1370 391 1445 astus
406 1368 618 1443 viderentur
630 1371 835 1445 excludere.
884 1374 1060 1451 Videntes
1072 1382 1165 1453 enim
1180 1406 1262 1467 eor,

194 1474 255 1567 qui
270 1493 290 1545 a
306 1470 342 1545 se
362 1468 506 1545 fuerant
523 1468 614 1543 falsis
635 1469 787 1562 opprellr
803 1470 1028 1565 testimoniis,
1056 1500 1119 1551 eos
1136 1483 1260 1576 etiam,

193 1592 288 1665 quos
306 1568 609 1645 vehementissime
623 1586 900 1663 oppugnarunt,
925 1576 1056 1649 exalia
1077 1594 1178 1670 parte
1202 1605 1261 1654 ac·

184 1670 376 1761 ,cusatorea
399 1665 650 1758 conscientie,
677 1671 783 1741 etiam
804 1668 947 1746 suorum
968 1676 1151 1751 criminum
1173 1702 1258 1773 pro·

193 1772 333 1847 ditores
352 1788 424 1865 prae
437 1768 552 1841 oculis
571 1768 745 1841 habentes
771 1768 861 1863 suis,
889 1776 1015 1846 venire
1039 1780 1164 1849 vocati
1181 1802 1260 1855 non

190 1882 417 1969 potuerunt,
441 1869 593 1942 maxime
612 1865 910 1943 consacerdotum
927 1872 1133 1949 nostrorum
1149 1880 1259 1953 Atha·

191 1968 292 2052 nani,
317 1966 483 2042 Marcelli
500 1964 704 2061 &Asclepii
722 1966 940 2043 conscientia
956 1976 1173 2063 perturbati:
1199 1980 1261 2071 qul

191 2070 230 2145 di
252 2068 492 2164 implorabant
508 2066 704 2162 judicium,
737 2071 992 2160 provocabant
1012 2076 1259 2173 accusatores,

189 2184 237 2245 ιιι
252 2190 318 2245 eor
332 2187 410 2243 nori
428 2164 539 2239 solum
561 2170 827 2241 convincerent
840 2170 884 2243 de
897 2172 954 2263 iis,
981 2192 1058 2265 quae
1071 2176 1259 2253 adversum

190 2268 264 2353 sese
280 2265 364 2343 salsa
381 2262 652 2360 confinxerant,
688 2288 815 2341 verum
835 2270 962 2361 etiam,
995 2294 1072 2363 quae
1090 2274 1257 2350 adverstia

190 2368 370 2445 Ecclefias
395 2366 502 2459 impia
529 2386 571 2439 ac
595 2366 730 2439 nefaria
756 2368 1024 2462 commiserant,
1048 2373 1260 2453 edocerent.

191 2470 335 2545 Verum
348 2468 398 2540 illi
416 2479 523 2539 tanto
545 2481 687 2539 terrore
701 2468 944 2559 comprehensi
964 2469 1056 2561 sunt,
1082 2489 1123 2543 iit
1138 2474 1260 2571 fugam

192 2574 379 2660 facerent,
406 2566 637 2659 &perillam
658 2565 778 2664 sugam
795 2568 989 2675 salsitatem⁸
1001 2570 1094 2649 suam
1116 2573 1261 2673 detege·

191 2680 278 2749 terit
294 2665 538 2743 retruderent

298 2788 332 2859 5.
357 2764 514 2841 Tametsi
539 2784 617 2839 non
637 2762 751 2841 solum
769 2788 813 2840 eii
833 2767 1035 2863 prioribus,
1072 2769 1131 2846 sed
1150 2774 1259 2852 etiam

190 2890 243 2947 ex
260 2866 332 2943 istis
345 2867 479 2941 malitia
495 2885 622 2939 eorum
640 2867 673 2938 di
689 2866 816 2940 falsitas
839 2868 1105 2942 ostenderetur:
1132 2889 1171 2943 ut
1189 2894 1258 2947 nec

194 2967 391 3045 existimata
405 2966 489 3062 fuga
510 2965 737 3041 occasionem
757 2969 908 3059 aliquam
927 2969 1068 3040 alterius
1091 2973 1189 3042 malae
1206 2994 1258 3043 ar·

193 3072 241 3143 ιιι
257 3068 422 3141 invenire
438 3064 598 3158 possent3
632 3070 888 3161 probavimus,
915 3067 1104 3142 secundum
1126 3074 1259 3146 verita·

193 3186 269 3243 tem
289 3167 323 3240 di
341 3169 518 3241 rationem
538 3188 602 3258 ca,
636 3186 713 3258 quae
729 3169 771 3240 ab
790 3167 856 3241 illia
878 3167 1056 3240 commissa
1076 3166 1177 3259 sunt,
1203 3172 1255 3244 in·

137 3311 142 3329 ι
195 3268 286 3361 quiri
310 3262 552 3360 opportuille:
590 3264 843 3342 &invenimus
861 3288 925 3339 eos
949 3269 1053 3340 etiam
1071 3268 1115 3341 de
1131 3270 1185 3343 his
1203 3270 1258 3343 fu·

193 3368 256 3443 iile
275 3368 487 3456 mendaces,
521 3364 555 3437 di
578 3366 664 3439 nihil
683 3366 796 3458 aliud,
831 3387 933 3459 quam
951 3368 1259 3463 impugnationem

194 3463 1016 3543 adversusconsacerdotesnostrosexercuisse.
1034 3471 1153 3563 Quem
1163 3474 1259 3551 enim

192 3569 362 3643 dicebant
381 3566 424 3639 ab
441 3562 872 3639 Atlianasiointerfccium
884 3565 983 3641 soille
995 3569 1256 3642 nomineArse·

192 3672 314 3766 nium,
345 3666 497 3739 habetur
514 3667 551 3735 in
575 3684 728 3737 numero
749 3668 931 3742 vivorum.
982 3667 1091 3741 Unde
1115 3689 1159 3740 eir
1181 3669 1258 3741 lioc

192 3773 300 3845 etiam
320 3782 461 3855 cetera,
504 3785 581 3856 quae
600 3766 642 3837 ab
665 3766 746 3857 ipsis
761 3764 1005 3859 jactabantur,
1051 3769 1167 3858 patuit
1185 3764 1257 3839 elle

192 3873 300 3964 plena
325 3864 499 3940 mendacii
523 3865 556 3937 di
577 3865 748 3939 falstatis.
812 3867 923 3960 Quod
941 3879 1059 3937 autem
1078 3863 1122 3935 de
1143 3866 1256 3941 calice

191 3963 1259 4056 frauoairquiloquebaniuraMachariopresbyreiollrha·

190 4066 297 4151 nasri3
324 4062 514 4143 testificati,
541 4065 599 4153 qui
618 4063 805 4155 praesentes
819 4063 963 4136 fuerunt
976 4084 1020 4133 ex
1037 4062 1257 4141 Alexandria

192 4167 238 4240 de
252 4163 380 4237 eodem
396 4166 497 4253 loco,
526 4164 686 4253 eoquod
703 4164 788 4235 nibil
805 4166 876 4237 tale
892 4162 977 4236 ellet
994 4162 1135 4239 latium.
1186 4164 1259 4238 Sed

190 4268 228 4339 di
242 4260 399 4357 episcopi
417 4260 612 4335 scribentes
627 4284 671 4333 eii
686 4260 851 4355 AEgypto
869 4265 910 4336 ad
923 4264 1057 4358 Julium
1071 4261 1256 4336 consacer-

192 4368 317 4440 dotem
333 4360 515 4449 nostrum,
548 4362 688 4435 abunde
709 4361 974 4455 alleverarunt,
1001 4385 1069 4437 nec
1090 4362 1255 4453 suspicio·

190 4488 276 4542 uem
304 4462 509 4555 hujusmodi
535 4461 666 4535 ibidem
696 4462 808 4538 soille.
872 4462 1011 4536 Dicunt
1036 4477 1154 4535 autem
1180 4460 1256 4539 asta

193 4568 300 4639 etiam
316 4560 351 4636 se
366 4563 499 4635 habere
518 4561 685 4634 adversus
703 4562 836 4653 ipsum:
863 4584 940 4653 qiiae
960 4565 1094 4635 habent
1113 4576 1256 4653 autem,

180 4664 337 4735 absorte
354 4678 460 4752 parte
483 4664 611 4749 altera,
650 4662 790 4735 constat
810 4661 909 4737 suillo
933 4660 1117 4749 confecia
1153 4659 1256 4739 simul

163 4768 297 4836 tamen
305 4761 394 4854 ipss
407 4760 496 4841 attis
506 4762 997 4865 gentileidtcatecliumenur
1008 4764 1255 4937 mteriggarui

345 4900 350 4907 .
1156 4880 1216 4937 ce,-
