2717 5709
1104 1033 1112 1045 ι
1367 1013 1380 1029 θ
2371 1008 2374 1009 ⁷
2503 1008 2507 1009 ⁷

2033 1206 2039 1223 Ι

332 1259 575 1319 xxxv:
636 1232 653 1243 “
985 1236 1484 1328 Summum
1544 1222 1849 1317 Cum}

340 1399 651 1487 naturnli
691 1421 854 1477 cum
884 1398 1168 1476 Christo
1203 1401 1578 1475 devincire
1608 1398 1902 1497 fideles,
1947 1403 2293 1484 dicendus
2335 1410 2480 1489 esse

343 1528 681 1608 videtur3
730 1505 878 1615 quo
917 1519 1114 1604 sensu
1146 1521 1214 1596 ἃ
1235 1521 1488 1596 Petrus
1518 1518 1768 1599 fideles
1791 1524 1971 1600 dixit
1999 1546 2164 1604 eum
2185 1527 2508 1606 Christo'

343 1650 739 1724 unanimes.
842 1642 1017 1717 Inde
1045 1643 1256 1717 etiam
1292 1638 1418 1736 fit,
1469 1655 1553 1716 ut
1582 1645 2482 1749 quemadmodumsmguin

347 1772 696 1863 cujusque
725 1763 1034 1840 hominis
1053 1764 1370 1838 membra
1400 1782 1562 1836 cum
1588 1764 1817 1839 anima
1835 1766 1921 1840 ad
1943 1764 2480 1851 conficiendum

341 1911 568 1964 unum
602 1894 896 1978 eorpus,
946 1883 1049 1956 ita
1080 1881 1323 1978 finguli
1351 1876 1601 1958 fideles
1633 1903 1795 1962 cum
1828 1883 2076 1981 spiritu
2109 1884 2365 1964 Christi
2386 1892 2478 1968 ad

332 2004 931 2102 ¹componendum
968 2023 1191 2076 unum
1224 2001 1481 2078 Christi
1505 2024 1807 2100 corpus,
1855 2006 2056 2103 quod
2089 2007 2195 2084 est
2221 2007 2477 2088 Eccle-

341 2128 480 2223 fia‚
530 2144 724 2202 nexu
752 2122 1057 2198 naturali
1090 2120 1565 2203 devincintur.
1819 2152 1824 2157 ·

547 2245 811 2336 Neque
838 2245 981 2318 alio
1012 2240 1210 2315 sensu
1239 2242 1639 2343 Gregorius
1655 2246 1841 2323 Νη.
1861 2242 2072 2322 Ornt.
2091 2248 2207 2323 26.
2225 2299 2252 2341 ,
2306 2267 2476 2327 cum

339 2363 804 2466 premififfet,
877 2365 1057 2438 alios
1099 2364 1174 2437 in
1216 2361 1528 2442 Ecclefia
1560 2365 1739 2463 effe,
1812 2368 1933 2462 qui
1963 2366 2474 2466 dominentur,

340 2484 739 2583 &praefing
790 2483 911 2577 qui
928 2498 1251 2577 pareant,
1303 2507 1385 2558 ac
1403 2503 1767 2585 regantur,
1817 2485 2150 2581 subjecit:
2198 2488 2478 2580 „Fiunt

339 2623 583 2685 tamen
614 2604 905 2696 utrique
933 2623 1155 2680 unum
1194 2606 1267 2679 in
1305 2625 1527 2684 unum
1558 2606 1910 2685 Christum
1946 2607 2035 2682 ab
2059 2609 2319 2686 eodem
2343 2610 2475 2707 spi-

335 2731 484 2803 ritu
514 2722 879 2803 constriffi
922 2725 993 2798 dc
1032 2724 1487 2819 eompaffl.“

543 2853 721 2946 Quo
738 2847 803 2918 δι
822 2844 996 2919 illud
1014 2844 1393 2945 Augustini
1408 2844 1674 2944 speetat
1692 2846 1891 2924 serm.
1914 2853 2000 2923 26
2010 2862 2075 2936 8.
2097 2873 2118 2923 z
2171 2901 2227 2944 „
2245 2824 2474 2950 Quod

338 2968 445 3045 est
484 2967 764 3064 spiritus
805 2963 1087 3061 noster,
1139 2966 1212 3040 id
1240 2966 1386 3063 est,
1438 2969 1669 3044 anima
1707 2968 1989 3051 nostra,
2043 2970 2129 3043 ad
2152 2973 2475 3046 membru

336 3089 584 3165 nostra
603 3144 628 3181 ‚
681 3090 827 3162 hoc
857 3087 1159 3181 Spiritus
1189 3085 1258 3163 S.
1289 3089 1377 3162 ad
1409 3094 1725 3167 membra
1761 3088 2042 3171 Christi,
2096 3089 2180 3164 ad
2201 3110 2470 3184 corpus

339 3209 626 3302 Christi,
679 3209 876 3300 quod
908 3205 1452 3299 estEcclesia;“
1502 3210 2007 3303 &serm.267.:
2059 3209 2307 3306 „Hoc
2325 3212 2474 3308 agit

336 3329 644 3426 Spiritus
677 3328 746 3403 S.
783 3331 855 3403 in
897 3344 1058 3402 tota
1088 3328 1444 3424 Ecclessa‚
1499 3330 1697 3423 quod
1722 3331 1867 3430 agit
1898 3331 2127 3405 anima
2149 3331 2223 3405 in
2242 3334 2476 3409 omni-

333 3453 472 3527 bus
506 3451 840 3528 membris
872 3451 1079 3523 unius
1116 3452 1549 3547 corporis.“

537 3571 768 3646 immo
808 3572 1022 3643 etiarn
1053 3570 1368 3646 Hilarius
1407 3571 1695 3644 videtur
1730 3572 1804 3645 in
1849 3571 2083 3645 citatis
2106 3573 2250 3666 jam
2280 3573 2470 3648 locis

334 3694 630 3766 unitatis
683 3692 840 3763 talis
900 3710 1166 3765 nexum
1216 3713 1255 3764 a
1301 3689 1547 3785 spiritu
1596 3686 1796 3786 fieri,
1874 3689 2227 3787 statuere,
2302 3713 2468 3766 cum

336 3832 592 3887 omnes
625 3812 699 3882 in
744 3809 1184 3903 quantalibet
1218 3810 1631 3886 diveriitate
1666 3827 1920 3888 natura
1953 3831 2169 3884 unum
2196 3808 2333 3881 ess'e
2364 3809 2469 3884 di—

336 3932 481 4025 cit,
534 3932 771 4024 „quia
804 3950 1023 4004 unum
1070 3929 1425 4007 Christum
1461 3931 1691 4052 indugi
1727 3932 1886 4003 sunt
1923 3941 2266 4002 omnes.“

536 4048 827 4124 Interim
860 4065 1141 4142 tamen,
1195 4053 1245 4124 fi
1274 4051 1557 4143 penitus
1596 4062 1836 4124 totum
1870 4049 2218 4123 Hilarium
2257 4046 2465 4144 inspi-

335 4171 631 4262 ciamus,
686 4170 1305 4263 deprehendimus,
1353 4168 1587 4243 minus
1606 4187 1766 4243 eum
1786 4169 1872 4241 ad
1887 4169 2202 4265 spiritum,
2255 4192 2466 4262 quam

334 4291 425 4365 ad
452 4311 670 4386 corpus
704 4289 955 4364 Christi
989 4292 1343 4363 rationem
1387 4289 1690 4379 habere,
1754 4309 1915 4362 cum
1952 4293 2345 4365 naturalem
2381 4291 2469 4367 il·

330 4412 472 4486 lam
521 4413 894 4487 hominum
926 4431 1087 4484 cum
1117 4406 1399 4484 Christo
1424 4411 1771 4484 unitatem
1802 4408 2223 4485 considerat.
2324 4408 2460 4483 At·

333 4553 474 4624 que
504 4532 679 4606 ficut
701 4532 963 4622 triplex
988 4530 1524 4625 quodammodo
1561 4528 1817 4605 Christi
1847 4549 2113 4624 corpus
2148 4527 2277 4621 est,
2329 4548 2455 4603 nu·

329 4654 564 4727 turale
601 4651 982 4740 videlicet,
1027 4649 1225 4743 quod
1257 4646 1491 4725 sumfit
1520 4670 1608 4723 ex
1654 4650 1998 4745 Virgine;
2074 4647 2466 4723 sacramen·

329 4770 497 4851 tale,
550 4772 744 4860 quod
766 4773 979 4845 nobis
1014 4773 1087 4842 in
1116 4767 1554 4857 Eucharistia
1570 4770 1899 4862 reliquit3
1949 4769 2018 4843 δι
2037 4766 2461 4869 gloriosum,

272 4887 502 4964 quod
512 4891 598 4958 1'11
640 4892 911 4967 coelum
940 4889 1292 4967 revexite
1334 4888 1439 4964 ita
1475 4906 1571 4964 ex
1602 4887 1868 4986 triplici
1898 4889 2030 4966 illo
2055 4893 2293 4987 capite
2321 4910 2466 4967 noe

2211 5029 2383 5082 mm
