2717 5709
142 581 1283 883 -

893 661 897 679 l

155 1096 222 1223 *ir
508 1082 546 1167 S.
595 1082 903 1167 ilrannrr

103 1318 117 1333 ,
171 1248 370 1345 Scriptura¹
386 1249 483 1327 enirn
505 1268 583 1325 non
605 1248 641 1323 in
656 1250 813 1349 legendo
834 1248 937 1346 sunt,
976 1248 1034 1327 sed
1051 1254 1088 1329 in
1104 1248 1242 1333 intelli·

114 1418 121 1443 ,
172 1354 317 1451 gend03
338 1349 913 1445 nequeinpraevaricationesunt‚
938 1348 1041 1429 sedin
1050 1354 1239 1433 charitate.

278 1474 334 1527 10.
360 1449 480 1545 Audi,
505 1470 622 1547 rogo,
647 1472 711 1542 ea,
738 1471 815 1543 quae
833 1452 879 1529 de
895 1450 1037 1527 Christo
1057 1452 1138 1529 sunt
1155 1452 1240 1553 scri·

171 1565 254 1651 ptar
278 1573 326 1627 ne
340 1548 402 1625 sub
422 1551 556 1644 eirea,
582 1570 660 1642 que
679 1571 756 1626 non
772 1549 901 1646 scripta
916 1549 1019 1645 sunt,
1045 1553 1240 1648 predicen-

172 1665 245 1728 tur.
295 1650 474 1735 submitte
499 1650 543 1724 ad
557 1670 621 1743 ea,
653 1671 733 1741 quae
751 1650 796 1725 de
815 1652 915 1725 libr‘u
931 1654 1120 1727 locuturus
1140 1651 1237 1750 suro,

173 1764 387 1845 aureorum:
413 1746 519 1824 fidem
528 1762 625 1824 tuam
637 1750 681 1823 ad
691 1750 811 1825 Deum
825 1752 949 1847 erigar.
1001 1750 1112 1847 Audi,
1138 1755 1238 1848 quod

171 1846 507 1947 ptolomaidem,
534 1850 577 1923 ad
591 1850 781 1940 unitatem,
807 1850 850 1925 ad
863 1850 1113 1928 aeternitatem.
1163 1853 1239 1929 Lo·

173 1964 323 2025 cutinus
347 1950 468 2025 t'ecum
491 1947 564 2026 suro
588 1970 670 2025 cum
690 1949 835 2025 honore
853 1952 952 2048 regui
977 1948 1011 2023 ea
1032 1948 1115 2025 fidei
1139 1965 1237 2050 tue,

171 2052 295 2127 omnia
315 2050 360 2124 ad
379 2048 543 2125 Orientis
561 2046 595 2123 δι
614 2048 828 2125 Occidentis
844 2071 968 2144 pacem
987 2047 1238 2145 proficientia,

168 2148 236 2325 lflul>
251 2151 406 2323 fpublisca
426 2147 667 2246 conscientia,
701 2146 764 2227 sub
786 2148 927 2245 synodo
946 2150 1140 2245 diffidenti,
1173 2149 1238 2228 sub

198 2262 236 2325 te
267 2271 349 2325 amo
365 2272 396 2325 a.

276 2372 332 2426 11.
360 2349 542 2425 Praemltto
563 2348 707 2427 interim
726 2350 854 2449 pignus
872 2348 984 2425 futuri
999 2346 1092 2445 apud
1111 2361 1149 2423 te
1168 2345 1238 2423 ser·

169 2453 291 2529 monis
320 2452 401 2526 mei.
454 2450 545 2525 Non
573 2454 689 2544 aliqua
707 2452 750 2525 ad
767 2450 988 2545 scandalum,
1024 2469 1142 2542 neque
1159 2469 1238 2541 qrrae

169 2566 274 2625 extri
298 2548 533 2649 Evangelium
558 2550 659 2645 sunt,
697 2551 905 2625 defendam:
942 2549 1001 2625 sed
1019 2548 1196 2645 intelliges
1214 2570 1241 2624 a

168 2670 231 2727 rne
251 2652 288 2723 in
308 2649 529 2725 sacramento
546 2648 653 2725 solius
674 2650 746 2724 Dei
768 2654 866 2743 veri,
903 2650 1057 2742 &quem
1075 2646 1166 2723 misrt
1180 2648 1238 2743 Je-

169 2748 247 2827 sum
264 2746 454 2842 Christum,
481 2752 664 2843 predicari
680 2771 790 2843 unum
802 2751 922 2827 Deum
932 2764 1082 2844 patrem,
1107 2770 1153 2823 ex
1163 2770 1238 2839 quo

169 2850 308 2942 omnia,
335 2850 827 2945 &unumDominumJesum
838 2849 1030 2941 christum,
1055 2868 1238 2941 perquem

169 2952 308 3045 omnia,
335 2967 457 3024 natum
472 2974 518 3023 ex
534 2949 633 3042 Deo,
661 2950 721 3043 qui
741 2951 792 3024 est
810 2966 893 3022 anre
911 2965 1075 3040 tempora
1090 2964 1237 3040 aeterna,

167 3050 206 3125 δι
229 3065 306 3123 erat
326 3054 363 3123 in
385 3051 563 3145 principio
586 3052 681 3143 apud
700 3048 819 3125 Deum
841 3049 941 3122 Deus
959 3050 1143 3130 Verbum,
1176 3050 1239 3139 qui

167 3148 222 3225 est
241 3152 357 3245 imago
374 3150 443 3221 Dei
459 3151 665 3241 invisibilia,
692 3152 727 3223 in
745 3171 818 3241 quo
835 3149 972 3221 habitat
993 3148 1109 3220 omnis
1125 3150 1238 3240 pleni·

168 3250 261 3323 tudo
286 3251 482 3323 divinitatis
497 3250 759 3341 corporaliter:
792 3249 953 3340 quicum
973 3248 1009 3319 in
1032 3248 1147 3320 forma
1164 3246 1237 3327 Dei

168 3348 272 3442 esset,
299 3351 484 3424 humilians
501 3350 534 3423 se
551 3348 670 3425 salutis
690 3347 821 3424 nostrae
836 3344 951 3441 causa,
978 3345 1236 3423 formamservi

167 3470 216 3523 ex
237 3464 421 3545 conceptu
439 3450 591 3544 Spiritus
608 3448 713 3523 santii
729 3448 774 3523 de
789 3451 929 3544 virgine
942 3450 1096 3544 accepit,
1122 3446 1236 3523 factus

167 3550 343 3625 obediens
366 3571 480 3641 usquo
503 3551 545 3621 ad
568 3564 746 3641 mortem,
781 3562 939 3623 mortem
959 3564 1078 3625 autern
1098 3551 1236 3622 crucis:

90 3672 92 3679 ·
166 3648 204 3723 ἃ
217 3648 299 3743 post
318 3646 613 3725 resurreilionem
626 3650 754 3727 mortio
772 3650 902 3723 deinde
918 3651 955 3723 in
971 3648 1167 3723 coelestibus
1187 3646 1235 3718 se·

167 3749 284 3842 dens,
322 3750 438 3823 aderit
453 3750 564 3843 judex
584 3751 759 3823 vivorum
777 3748 811 3822 δι
827 3764 1078 3836 mortuorum,
1114 3744 1148 3817 ἃ
1169 3765 1234 3816 rex

169 3851 330 3924 omniurn
346 3862 563 3927 aeternorum
579 3850 791 3927 seculorum.
844 3846 906 3921 Est
916 3850 1009 3920 enim
1019 3843 1236 3941 Unigenitus

166 3946 285 4039 Deus,
312 3949 455 4023 &Deus
466 3972 586 4036 verus,
616 3949 930 4046 &Deusmagnus,
959 3946 1237 4039 &superomnia

165 4045 287 4123 Deua:
324 4048 357 4119 ἀ
383 4051 500 4122 omnis
518 4052 637 4144 lingua
657 4046 915 4141 confitebitur,
953 4048 1034 4140 quia
1054 4044 1235 4119 Dominus

164 4146 266 4245 Jesus
292 4144 449 4220 Christus
478 4149 515 4219 in
535 4150 651 4244 gloria
667 4148 736 4223 Dei
753 4149 863 4243 patris
878 4146 938 4222 est.
1002 4146 1091 4221 Hoec
1108 4166 1176 4242 cgo
1197 4148 1235 4220 in

164 4247 301 4341 Spiritu
325 4243 443 4319 santio
469 4248 518 4319 ita
537 4249 692 4341 credidi,
726 4263 768 4321 ut
782 4252 875 4322 ultra
889 4250 980 4322 hanc
1006 4248 1050 4320 de
1070 4246 1233 4319 Domino

164 4347 249 4443 Jesu
274 4345 416 4420 Christo
439 4345 546 4421 fidem
567 4372 644 4423 non
673 4350 795 4444 possum
818 4350 959 4422 doceri:
985 4370 1060 4421 non
1079 4366 1142 4438 per
1157 4346 1234 4418 haec

164 4448 323 4521 adimens
342 4464 480 4541 patrum
497 4446 581 4521 fidei
600 4452 827 4545 religionem,
853 4446 912 4521 sed
927 4447 1118 4522 secundum
1134 4465 1235 4537 rege·

162 4550 362 4623 iterationis
386 4571 473 4621 meae
499 4548 724 4644 symbolum,
762 4550 796 4623 δι
825 4545 1237 4642 ἀοὲὶτὶῃεοναῃςεὶίω

152 4646 368 4742 scientiam,
396 4652 439 4725 ab
456 4672 499 4724 ea
507 4654 611 4743 juxta
631 4650 694 4726 ista
710 4673 785 4726 non
803 4650 997 4755 dillonans.

988 4846 1031 4926 S.
1047 4839 1189 4919 lilin-
