2717 5709
1093 1032 1102 1033 ἶ
1125 1032 1164 1033 γηῗ
1328 1022 1351 1033 Δ.
1370 1027 1398 1033 ¹
1485 1032 1492 1033 ἶ
1563 1032 1567 1033 7
1605 1032 1619 1033 7

352 1258 455 1330 14
726 1254 733 1261 ·
1022 1194 1852 1304 S.H11.anrr⁵

342 1408 501 1475 tem
547 1412 703 1469 non
730 1386 1013 1487 potest:
1066 1382 1189 1461 sed
1222 1390 1600 1463 timeamus
1633 1410 1840 1490 eum,
1891 1394 2012 1487 qui
2042 1394 2286 1489 potest
2319 1413 2486 1471 cor·

344 1520 487 1601 pus
534 1496 603 1569 &
648 1494 949 1567 animam
979 1488 1323 1563 occidere
1356 1492 1432 1562 in
1473 1490 1899 1587 gehennam.
1999 1492 2165 1570 Nec
2199 1498 2491 1574 lblliciti

348 1601 445 1675 de
460 1596 670 1673 nobis
686 1592 895 1667 fimus
914 1614 933 1664 ε
979 1590 1143 1681 quia
1162 1591 1396 1683 capilli
1415 1589 1668 1683 capitis
1689 1590 1910 1665 nostri
1927 1598 2276 1671 numerati
2299 1598 2484 1678 sunt.

346 1696 453 1773 Et
466 1716 595 1791 per
609 1686 1271 1787 Spiritum'sanctum
1287 1688 1658 1783 sequamur
1672 1694 2078 1769 veritatem:
2103 1718 2196 1773 ne
2213 1718 2339 1791 per
2353 1698 2487 1791 spi-

342 1800 563 1874 ritum
591 1794 855 1869 erroris
886 1790 1257 1865 credamus
1284 1790 1688 1867 mendacio.
1799 1789 1900 1864 Et
1926 1800 2486 1875 commoriamur

343 1894 670 1975 Christo:
718 1906 802 1967 ut
820 1890 1104 1977 Christo
1124 1910 1676 1987 conregnemus.
1744 1888 2072 1968 Ulterius
2089 1898 2276 1973 enim
2295 1912 2490 1973 tace·

344 2019 461 2090 re,
492 1992 899 2069 diffidentiae
912 1990 1179 2086 lignum
1202 1988 1332 2081 est,
1350 2011 1503 2064 non
1521 1990 1883 2065 modestiae
1894 1996 2124 2070 ratio:
2151 2000 2314 2090 quia
2331 2020 2490 2079 non

340 2100 581 2179 minus
616 2092 912 2190 periculi
948 2089 1091 2184 est,
1157 2089 1432 2183 semper
1465 2088 1801 2185 tacuiss‘e‚
1854 2113 2064 2185 quam
2094 2118 2484 2190 nunquam.

548 2218 615 2270 2.
668 2192 859 2293 Ego,
896 2190 1214 2286 Fratres,
1258 2207 1339 2265 ut
1360 2192 1530 2265 mihi
1550 2212 1835 2287 omnes,
1874 2196 2264 2287 quimevel
2288 2200 2490 2273 audi-

342 2310 513 2392 unt,
538 2298 661 2371 vel
680 2294 1157 2369 familiaritate
1172 2293 1539 2389 cognitum
1559 2292 1856 2385 habent,
1885 2294 2100 2371 testes
2118 2294 2308 2393 sunt,
2329 2319 2490 2395 gra-

342 2400 696 2476 viffimum
716 2392 884 2469 fidei
911 2394 1307 2485 periculum
1343 2394 1564 2490 longe
1594 2405 1803 2468 antea
1829 2395 2262 2492 praevidenS,
2319 2398 2485 2493 post

344 2498 748 2576 sanstorum
766 2495 1094 2568 virorum
1112 2494 1321 2567 exilia
1338 2491 1642 2583 Paulini,
1665 2493 1975 2589 Eusebii,
1992 2496 2344 2591 Luciferi,
2358 2497 2495 2572 Di..

344 2598 615 2693 ¹(anysii,
668 2598 926 2689 quinto
956 2593 1217 2667 abhinc
1252 2614 1475 2687 anno,
1528 2615 1569 2667 a
1601 2594 1964 2669 Saturnini
1999 2596 2068 2669 δι
2099 2594 2373 2671 Ursacii
2415 2598 2490 2671 dt

343 2699 681 2774 Valentis
737 2695 1254 2770 communione
1300 2714 1418 2767 me
1463 2714 1626 2767 cum
1687 2692 2075 2771 Gallicanis
2125 2696 2486 2793 episcopis

344 2798 725 2896 separavi,
806 2796 1083 2869 indulta
1145 2794 1405 2868 ceteris
1471 2792 1930 2870 consortibus
1993 2819 2252 2874 eorum
2324 2800 2490 2873 reli·

343 2898 665 2999 piscendi
706 2894 1086 2970 facultate:
1135 2910 1219 2966 ut
1255 2915 1393 2967 nec
1436 2896 1631 2985 pacis
1671 2895 1938 2969 abess'et
1971 2901 2358 2991 voluntas,
2415 2898 2486 2972 Gt

340 2997 853 3097 'principalium
902 2996 1328 3069 morborum
1369 2993 1654 3088 foetida,
1725 2998 1896 3069 &in
1939 3000 2489 3091 corruptionem

340 3102 582 3187 totius
632 3097 966 3191 corporis
994 3097 1313 3169 membra
1346 3092 1804 3186 proficientia
1848 3097 2387 3183 desecarentur-3
2435 3096 2489 3175 s1

346 3214 593 3276 tamen
634 3201 780 3271 hoc
817 3194 1039 3289 ipsum
1076 3195 1474 3269 beatissimis
1500 3195 2025 3269 confess'oribus
2060 3196 2315 3271 Christi
2345 3198 2492 3272 edi-

348 3314 513 3375 tum
562 3300 935 3373 decretum
990 3311 1143 3368 tum
1193 3318 1230 3369 a
1262 3297 1475 3369 nobis
1517 3318 1806 3369 manere
1837 3296 2231 3389 placuisset.
2335 3299 2494 3399 Qui

350 3397 608 3497 postea
651 3419 779 3491 per
823 3395 1205 3471 faCtionem
1264 3415 1518 3469 corum
1567 3396 2341 3491 pseudoapostolorum
2401 3400 2492 3474 ad

347 3497 861 3578 Bitterrensem
912 3498 1261 3587 synodum
1312 3497 1763 3589 compulsuS,
1832 3500 2333 3593 cognitionem
2371 3501 2498 3574 de-

346 3599 827 3678 monstrandae
870 3597 1079 3689 hujus
1116 3594 1464 3669 haereseos
1502 3598 1760 3671 obtuli.
1859 3596 2000 3670 Sed
2039 3600 2111 3673 hi
2148 3602 2490 3675 timentes

350 3704 659 3797 publicae
740 3696 1203 3769 conscientiae
1256 3749 1283 3789 ‚
1404 3698 1649 3768 audire
1717 3697 1987 3793 ingesta
2056 3722 2096 3771 a
2163 3724 2278 3775 me
2351 3720 2490 3770 no·

346 3802 679 3876 luerunt:
729 3811 1067 3892 putantes
1105 3795 1171 3869 se
1202 3797 1698 3871 innocentiam
1735 3796 1924 3871 suam
1965 3798 2250 3871 Christo
2284 3794 2490 3888 posse

342 3902 677 3987 mentiri,
730 3898 779 3971 si
820 3898 1159 3971 volentes
1194 3895 1578 3990 nescirent,
1632 3900 1830 3989 quod
1867 3898 2127 3993 gesturi
2169 3894 2494 3991 postmo-

342 4004 523 4076 dum
554 3999 779 4074 essent
808 3997 1135 4074 scientes.
1238 3998 1487 4089 Atque
1513 3999 1776 4070 exinde
1793 4011 1961 4069 toto
1983 3999 2130 4069 hoc
2149 4010 2491 4091 ternpore

346 4099 423 4175 in
468 4102 688 4171 exilio
735 4100 1121 4188 detentus,
1200 4118 1439 4188 neque
1493 4096 1985 4170 decedendum
2017 4096 2190 4171 mihi
2223 4095 2362 4170 ess'e
2398 4098 2494 4172 de

344 4196 609 4273 Christi
652 4197 1096 4272 confeslione
1134 4196 1472 4285 decrevi,
1520 4218 1758 4289 neque
1786 4195 2160 4270 honestam
2185 4198 2496 4290 aliquam

345 4320 437 4375 ac
479 4298 929 4393 probabilem
968 4298 1297 4369 ineundae
1326 4299 1619 4369 unitatis
1645 4299 1996 4371 rationem
2020 4298 2230 4370 statui
2256 4296 2493 4391 respu-

344 4400 629 4473 endam.
732 4396 1065 4488 Denique
1086 4398 1347 4471 exinde
1366 4398 1538 4471 nihil
1559 4398 1628 4471 in
1657 4414 1991 4489 tempora
2009 4398 2490 4489 malediEtum,

346 4502 527 4575 nihil
568 4500 639 4573 in
670 4518 866 4588 eam,
919 4518 1074 4588 quae
1112 4515 1265 4570 tum
1308 4496 1377 4570 se
1404 4496 1660 4572 Christi
1703 4499 2069 4573 ecclesiam
2097 4498 2492 4574 mentieba-

349 4614 521 4691 tur,
586 4620 778 4673 nunc
819 4612 1058 4671 autem
1090 4598 1479 4671 antichristi
1529 4596 1631 4670 est
1671 4596 2072 4695 synagoga,
2141 4594 2497 4675 famosum

347 4722 439 4775 uc
472 4702 759 4797 dignum
786 4697 1098 4792 ipsorum
1130 4700 1503 4791 impietate
1535 4698 1800 4791 scripsi,
1853 4716 1976 4773 aut
1998 4700 2289 4771 locutus
2313 4696 2489 4772 sum:

308 4816 577 4884 neque
595 4800 893 4873 interim
933 4799 1242 4871 criminis
1267 4801 1448 4871 loco
1478 4798 1677 4889 duxi,
1731 4818 2155 4892 quemquam
2181 4812 2302 4870 aut
2327 4817 2496 4874 cum

262 4885 399 4956 ὰιὲς
414 4897 801 4995 colloqui,
854 4914 995 4980 aut
1016 4896 1355 5003 suspensa
1381 4904 1563 4983 licet
1581 4899 2112 4987 communionis
2140 4896 2500 5017 societate

2139 5014 2418 5076 ortuo-
