2717 5709
70 856 71 860 Ν
193 896 480 975 Tancrarua
505 914 553 970 ru
579 888 773 971 XCVlll.
800 856 1037 970 eertum.
1086 916 1158 993 517

192 1081 248 1137 rr.
276 1058 401 1133 Postea
427 1058 520 1131 enim
544 1078 648 1149 quam
665 1034 744 1129 uias
762 1053 837 1129 suas
854 1052 1038 1151 Propheta
1059 1034 1158 1159 cogi,

89 1174 251 1252 tavetat,
288 1160 321 1232 dt
351 1159 479 1252 pedem
503 1157 546 1231 ad
571 1156 773 1230 testimonia
797 1155 867 1227 Dei
895 1168 1189 1249 converterat,-

87 1264 202 1337 libere
218 1260 400 1351 lo'quitur:
431 1256 570 1329 Paratus
584 1260 673 1348 sum,
700 1256 738 1333 U
756 1280 822 1326 non
834 1258 905 1344 sum
925 1257 1092 1344 turbatus,
1118 1272 1158 1329 ut

88 1362 251 1455 caladiam
280 1360 431 1430 mandata
451 1374 520 1429 rua.
586 1357 659 1453 Qui
684 1356 727 1428 ad
755 1356 885 1447 aliquid
913 1368 1155 1452 praeparatur,

85 1466 201 1557 longo
217 1456 280 1533 usu
294 1460 337 1531 ad
352 1459 400 1545 id,
428 1460 553 1549 inquo
571 1458 602 1529 ei
619 1455 669 1531 est
688 1456 889 1545 meditatio,
917 1454 1166 1548 preparatur?
1185 1466 1201 1522 ἣ

84 1583 133 1637 ne
162 1580 242 1633 eum
265 1559 310 1631 de
329 1557 504 1651 proponti
524 1556 572 1629 sui
595 1555 770 1629 sententia
791 1557 1032 1651 negligentem
1052 1556 1085 1629 dt
1102 1556 1155 1629 in·

87 1656 1026 1755 cautumuisaliquarepentinaeturbationisexcutiat.
1067 1652 1155 1727 Pro·

86 1761 200 1857 pheta
216 1762 335 1850 itaque
356 1758 464 1830 novit
481 1756 551 1829 elle
563 1757 713 1848 plurima
727 1753 833 1828 seculi
850 1754 1022 1841 scandala.
1072 1753 1154 1827 No·

83 1862 141 1932 vit
164 1858 364 1932 insidiantes
389 1856 458 1930 elle
479 1858 641 1929 humanae
657 1872 811 1943 nature,
851 1852 1154 1946 adversantesque

81 1960 252 2034 virtutes.
303 1957 379 2029 Scit
396 1954 595 2052 periculose
610 1956 750 2029 dulcem
769 1953 838 2028 elle
854 1956 1063 2047 opinionem
1083 1975 1154 2029 am·

82 2052 333 2151 bitionemque
358 2058 480 2152 glorie
500 2056 677 2130 secularis.
729 2052 851 2127 Novit
868 2052 1153 2144 occursuslasci·

80 2158 261 2231 vientium
287 2158 495 2231 seminarum
514 2155 583 2228 elle
599 2156 864 2227 continentium
884 2154 999 2227 oculis
1015 2154 1153 2245 captio·

80 2258 153 2331 sos.
216 2257 292 2332 Scit
310 2271 432 2349 turpes
452 2275 652 2349 corporum
661 2253 884 2347 cupiditates
902 2251 1030 2327 affeetu
1052 2254 1152 2327 blan·

79 2360 137 2432 dre
155 2358 357 2449 voluptatis
376 2356 546 2449 irrepere.
599 2354 674 2427 Scit
691 2366 810 2431 cetera
826 2354 1000 2425 vitiorum
1019 2373 1151 2449 genera

78 2456 302 2530 illecebrosis
317 2456 471 2529 aditibus
486 2458 664 2551 ingruere.
721 2452 843 2526 Nouit
864 2453 970 2525 etiam
988 2453 1150 2544 plurimis

76 2555 117 2632 se
140 2554 419 2651 irreligiosorum
440 2555 531 2629 odiis
553 2552 756 2647 subjacere,
794 2552 826 2624 da
851 2552 900 2625 ob
924 2552 1150 2647 predicatio·

76 2678 163 2729 nem
182 2656 252 2727 Dei
264 2658 486 2748 'pietatisque
498 2653 710 2743 dodlrinam,
740 2653 846 2741 uariis
862 2648 1150 2747 persequentium

75 2755 313 2829 contumeliis
335 2754 406 2828 esse
423 2756 636 2829 vexandum.
688 2752 749 2826 Ne
767 2754 874 2851 igitur
893 2753 1026 2823 turbari
1043 2763 1101 2823 tot
1115 2752 1151 2823 dt
1181 2750 1183 2757 '

73 2856 188 2927 tantis
212 2855 342 2929 insrdiis
359 2855 620 2949 ‘ingruentibus
638 2850 778 2946 pollet,
817 2868 945 2925 contra
971 2853 1091 2925 omnia
1113 2850 1149 2925 se

72 2954 154 3025 haec
172 2950 254 3025 fidei
273 2955 410 3027 excidia
424 2955 663 3046 praeparavit,
680 2954 821 3027 dicens:
851 2956 989 3022 Paratus
999 2953 1084 3041 sum,
1108 2950 1148 3028 d
1250 2997 1258 3011 ι
1288 2956 1292 2965 '

72 3076 145 3127 aton
155 3052 230 3138 sum
250 3052 417 3138 turbatur,
446 3067 483 3120 ut
500 3052 662 3148 custodiam
680 3052 831 3121 mandata
850 3065 918 3122 tua.

184 3168 240 3220 12.
269 3150 390 3222 Habet
408 3164 545 3242 patem'
566 3153 692 3232 beatus
722 3147 922 3240 Apostolus
939 3149 1041 3237 huius
1060 3168 1147 3241 prae·

72 3247 275 3345 parationis
293 3249 360 3320 suae
377 3244 563 3331 fiduciam,
599 3248 740 3322 dicens:
776 3250 865 3347 Quis
883 3270 950 3321 nos
972 3246 1147 3343 separabit

72 3346 298 3422 aclraritate
322 3346 477 3422 Clitillil
513 3346 741 3441 'stibulatio‚
783 3370 827 3421 an
857 3346 1047 3443 angustia,
1084 3360 1146 3420 aut
1186 3384 1194 3413 ·.

71 3448 213 3545 palio,
244 3462 306 3520 aut
325 3448 457 3538 fames,
491 3462 552 3520 aut
568 3450 730 3536 nuditas,
758 3462 820 3521 aut
838 3448 1055 3542 periculum,
1084 3461 1146 3521 aut

69 3542 241 3644 gladius?
275 3545 397 3642 (Sicut
417 3546 669 3639 scriptumest:
702 3548 796 3646 Quia
821 3563 1025 3642 propterte
1049 3568 1144 3621 mor·

70 3644 255 3720 tilicamur
270 3661 350 3719 tota
365 3648 441 3738 die,
456 3648 629 3740 ,deputati
648 3645 764 3719 sumus
783 3659 960 3737 tamquam
977 3668 1068 3720 oves
1083 3667 1146 3718 oc·

70 3746 231 3821 cisionis.
280 3746 349 3819 Sed
366 3747 403 3819 in
424 3748 477 3820 bis
492 3749 656 3820 omnibus
672 3745 872 3839 superamus'
892 3746 925 3817 dt
944 3748 1142 3838 vincimus,

69 3861 229 3941 propter
256 3868 355 3925 eum,
390 3850 449 3937 qui
480 3847 606 3920 dilexit
628 3844 733 3943 nos).
785 3838 834 3916 Et
856 3846 936 3938 quia
956 3842 1143 3921 adversum

69 3949 207 4021 borum
230 3948 478 4037 tolerantiam,
513 3968 560 4021 ne
586 3968 650 4039 pet
667 3948 744 4018 hac
763 3966 782 4019 a
804 3944 976 4018 charitate
993 3944 1144 4038 separari

69 4042 208 4143 pollet,
235 4042 304 4116 sese
316 4046 551 4142 praeparasset,
578 4046 725 4139 adiecit:
752 4041 910 4149 Confido
926 4048 1033 4135 enim,
1060 4045 1142 4135 quia

69 4164 193 4235 neque
207 4163 326 4236 mors,
352 4164 469 4237 neque
483 4148 582 4239 vita,
607 4166 726 4238 neque
744 4140 879 4241 angeli,
905 4164 1022 4236 neque
1039 4158 1143 4238 pote·

69 4248 206 4335 states,
232 4244 567 4340 nequepraesentia,
594 4266 712 4345 neque
729 4246 869 4337 sutura,
893 4247 1144 4337 aequavimu-

69 4362 154 4435 tes,
180 4339 299 4434 ne'que
316 4344 493 4436 altitudo,
518 4356 636 4437 neque
652 4344 885 4441 profundum,
912 4366 1028 4435 neque
1047 4365 1142 4441 crea-

69 4461 155 4518 tuta
178 4444 244 4515 alia
265 4444 403 4535 poterit
424 4465 493 4518 nos
520 4442 681 4537 separare
704 4444 913 4517 aclraritate
937 4444 1025 4523 Dei,
1066 4464 1143 4531 quaa
1197 4476 1202 4485 ¹

69 4542 181 4619 estin
202 4540 343 4619 Christo
365 4542 450 4641 Jesu
470 4543 633 4721 DomKino
653 4542 793 4622 nostro.
854 4542 965 4619 Nulla
984 4542 1142 4637 Apollo·

197 4679 199 4682 ·
537 4692 545 4702 =
590 4644 662 4739 kg
1016 4645 1089 4720 lum
