2717 5709
175 1126 250 1211 '262
514 1124 553 1211 S.
601 1130 908 1211 Hruaurt'

178 1292 240 1373 illa
258 1313 335 1369 non
357 1291 467 1368 suerit
486 1292 708 1369 conditionis
734 1292 768 1367 tr
790 1293 953 1392 generis,
987 1294 1069 1387 quia
1086 1292 1252 1371 indemu-

179 1395 324 1471 tabilem
353 1393 420 1467 Dei
442 1405 603 1467 naturum
620 1394 718 1469 nulla
732 1392 790 1467 vis
809 1390 985 1487 injuriose
1001 1396 1250 1489 perturbatio·

172 1498 236 1574 'nis
252 1492 352 1566 olleo
366 1496 474 1565 leret:
500 1510 621 1569 tamen
636 1491 794 1588 suscepta
811 1492 1019 1569 voluntarie
1032 1492 1097 1589 est,
1125 1492 1251 1571 officio

173 1598 326 1689 ‘quidem
341 1589 413 1686 ipsa
423 1591 639 1669 satisfactura
647 1600 790 1688 poeualr,
815 1608 1018 1667 nontamen
1029 1592 1251 1689 poenaesensu

178 1692 303 1773 lusura
324 1694 538 1787 patientem:
569 1713 645 1767 non
671 1692 769 1783 quod
785 1692 844 1766 illa
860 1691 1010 1767 laedendi
1025 1714 1102 1769 non
1117 1695 1252 1773 habuc·

180 1794 231 1869 rit
253 1813 322 1887 pro
338 1789 408 1886 ipsa
427 1792 589 1885 passionis
607 1792 777 1884 qualitate
795 1808 979 1882 naturam:
1005 1792 1063 1867 sed
1074 1796 1173 1889 quod
1189 1796 1254 1871 do-

179 1892 299 1971 lorem
320 1892 517 1965 divinitatis
544 1906 671 1966 natura
696 1914 771 1966 nou
794 1890 911 1967 sentit.
963 1891 1081 1967 Passus
1098 1914 1187 1991 ergo
1202 1896 1253 1971 est

184 1992 308 2080 Deus:
335 1994 416 2085 quia
430 1990 466 2068 se
479 1990 627 2083 subjecit
644 1993 870 2067 voluntarius
886 1992 1050 2085 pallioni:
1076 1990 1135 2068 sed
1149 1991 1252 2069 susci·

181 2096 286 2191 piens
307 2094 487 2167 naturales
508 2092 748 2188 ingruentium
766 2092 803 2165 in
820 2090 856 2166 se
872 2090 1066 2185 passionum
1093 2090 1252 2191 (quibus

184 2193 353 2269 dolorem
367 2192 586 2287 patientibus
602 2191 740 2268 necesse
749 2190 800 2266 est
809 2191 954 2291 inferri)
981 2195 1147 2281 virtutes,
1176 2192 1253 2288 ipse

184 2304 307 2369 tamen
323 2306 494 2367 snaturae
512 2287 579 2366 suae
603 2293 742 2366 virtute
758 2311 835 2367 non
852 2292 1008 2387 excidit,
1033 2306 1074 2366 ut
1094 2292 1250 2370 doleret

291 2412 348 2485 13.
374 2390 543 2487 Sequitur
558 2394 672 2467 enim:
706 2390 1154 2486 Wlunrariesamflulatili.
1179 2392 1252 2467 Le-

182 2492 240 2669 fiis
258 2487 450 2587 sacrificia,
476 2513 554 2587 quae
567 2494 603 2566 in
619 2490 939 2567 holocaustomatis
954 2492 987 2567 u
1003 2492 1252 2567 oblationibus

180 2660 183 2667 .
213 2594 372 2666 ircorum
393 2606 499 2682 atque
517 2608 702 2667 taurorum
716 2592 816 2683 sunt,
844 2611 922 2666 non
943 2590 1174 2669 habentius:
1188 2612 1256 2667 vo·

185 2692 335 2769 luntatis
360 2689 627 2782 professionem:
655 2692 738 2787 quia
755 2690 931 2767 maleditli
947 2690 1124 2768 sententia
1138 2694 1254 2794 legem

186 2790 230 2869 fit
246 2792 392 2866 decreta
406 2792 640 2867 violantibus.
692 2791 865 2888 Quisquis
880 2792 974 2866 enim
984 2791 1187 2867 asacrificio
1198 2793 1255 2867 dc·

188 2890 348 2981 siluisset,
384 2891 457 2984 ipse
484 2893 683 2967 obnoxium
715 2892 749 2964 se
773 2889 949 2965 efficiebat
968 2892 1037 2965 esse
1053 2892 1254 2968 maledisto.

188 2988 344 3068 Necesse
365 3013 453 3088 ergo
472 3007 549 3065 erat
567 2990 679 3082 effici,
719 2993 817 3082 qnod
833 2988 960 3065 siebat:
999 2994 1078 3083 quia
1096 2991 1256 3064 sacrificii

183 3093 441 3189 negligentiam
469 3091 642 3165 maledieti
665 3113 741 3165 non
770 3091 981 3165 admittebat
1005 3088 1167 3183 adjeslio.
1220 3091 1255 3161 A

187 3212 263 3285 quo
280 3190 468 3267 maledicto
486 3212 554 3266 nos
573 3191 751 3266 Dominus
767 3190 889 3266 noster
902 3190 998 3285 Jesus
1015 3189 1172 3263 Christus
1193 3212 1254 3261 ex·

186 3294 296 3384 emit,
323 3292 506 3387 Apollolo
523 3296 682 3365 dicente:
712 3291 869 3365 Christus
883 3311 952 3366 nos
966 3291 1255 3363 redemitdema·

185 3394 319 3469 ledidlo
335 3396 442 3490 legis,
466 3392 584 3467 'satius
601 3414 670 3487 pro
688 3395 793 3467 nobis
810 3393 882 3487 ipse
896 3390 1141 3482 maledistum,
1177 3391 1257 3479 quia

186 3489 442 3586 scriptumest:
474 3492 684 3565 Maledictus
703 3495 844 3581 omnis,
871 3494 929 3583 qui
951 3493 1084 3585 pendet
1097 3493 1132 3563 in
1145 3491 1253 3583 ligno.

187 3590 464 3666 Maleditlorum
488 3591 521 3665 sc
544 3613 630 3687 ergo
653 3593 787 3664 obtulit
811 3592 944 3685 morti,
978 3608 1019 3665 ut
1034 3590 1255 3665 maleditium

181 3691 276 3790 'legis
299 3690 529 3787 dissolveret,
558 3691 707 3765 hostiam
725 3691 760 3764 se
782 3691 853 3784 ipse
872 3690 955 3765 Deo
978 3693 1068 3786 patri
1088 3693 1257 3761 volunta-

183 3791 463 3867 rieofferendo:
482 3791 752 3886 utperhostiam
767 3793 1008 3863 voluntariam
1019 3788 1257 3879 maledictum,

188 3894 286 3985 quod
310 3895 360 3966 ob
385 3892 507 3965 bostiae
533 3892 734 3966 necell'ariae
757 3892 790 3964 dt
811 3889 1010 3965 intermisse
1027 3901 1163 3961 reatum
1183 3904 1259 3959 erat

184 3992 370 4083 additum,
406 3991 619 4067 solveretur.
673 3991 785 4086 Cujus
806 3988 965 4065 sacrificii
985 3990 1055 4061 alio
1077 3991 1165 4060 loco
1188 4009 1260 4060 me·

186 4093 290 4166 minis
312 4092 347 4161 in
373 4092 523 4182 psalmis.
588 4092 750 4167 Hostiam
778 4090 1059 4167 &oblationem
1089 4086 1257 4179 noluisti,

189 4187 370 4283 perfecisti
393 4205 510 4263 autem
533 4190 616 4263 mihi
640 4212 795 4284 corpus:
836 4190 920 4263 Deo
943 4190 1035 4281 patri
1054 4190 1140 4285 legis
1161 4187 1260 4260 sacri·

186 4286 268 4365 ficia
294 4287 497 4383 respuenti,
531 4289 681 4364 hostiam
705 4294 906 4386 placentem
928 4288 1076 4383 suscepti
1091 4287 1258 4382 corporis

187 4389 394 4466 offerendo.
466 4388 577 4482 Cujus
609 4392 807 4465 oblationis
831 4394 959 4464 beatus
986 4386 1185 4481 Apostolus
1210 4387 1260 4458 ita

187 4491 366 4565 meminit:
393 4489 478 4564 Hoc
495 4491 588 4563 enim
612 4491 700 4563 secit
717 4490 819 4564 semel
843 4489 877 4563 se
894 4489 1004 4583 ipsum
1018 4488 1177 4561 offerens
1193 4487 1260 4560 ho·

188 4590 287 4663 sliam
304 4589 410 4680 De03
438 4612 582 4665 omnem
601 4591 743 4665 humani
759 4592 899 4686 generis
912 4589 1058 4664 salutem
1070 4589 1262 4663 oblatione

169 4688 305 4767 sundiae
319 4690 428 4788 liujus
449 4691 666 4797 &perfetis
689 4690 811 4769 nostias
825 4691 1064 4767 redemturus.

1087 4903 1148 4967 tu.
1166 4878 1235 4951 Quin
