2717 5709
175 1128 249 1185 roo
506 1102 901 1183 S.'Hii.iiiiii

172 1270 289 1363 licie,
312 1264 373 1343 sed
388 1268 576 1362 preceptis
584 1261 865 1361 Evangeliorum
881 1266 1147 1350 rationabiliter
1155 1288 1247 1357 con}

174 1368 326 1447 firmata.
378 1366 469 1441 Non
486 1364 666 1439 Athanasii
683 1370 1029 1465 tantumnegotium,
1058 1370 1115 1448 sed
1129 1383 1245 1457 multa

175 1470 245 1547 alia
262 1472 300 1543 in
314 1468 470 1545 medium
488 1477 686 1555 venerunt,
712 1482 866 1563 propter
890 1490 967 1560 qua
982 1468 1186 1551 Concilium
1200 1478 1245 1553 fl:

174 1572 230 1645 eri
245 1567 550 1643 mansuetudinem
570 1580 663 1640 tuam
681 1562 817 1645 sueram
838 1568 1068 1661 deprecatus:
1097 1590 1138 1647 ut
1155 1594 1243 1653 ante

173 1672 319 1763 omnia,
344 1667 444 1761 quod
457 1664 654 1762 specialiter
667 1680 773 1761 optat
786 1670 915 1742 mentis
932 1682 1002 1741 tuae
1018 1692 1102 1769 erga
1118 1676 1244 1757 Deum·

172 1768 310 1849 niceri
326 1767 502 1860 devotio,
528 1786 608 1839 cum
626 1760 710 1839 fidei
725 1765 845 1860 causa,
872 1770 908 1841 in
925 1790 992 1861 qua
1006 1773 1119 1865 prima
1132 1780 1241 1853 nobit

172 1868 253 1963 spes
274 1868 327 1945 ell:
343 1868 386 1943 ad
402 1867 541 1947 Deum,
568 1863 758 1961 diligenter
777 1864 894 1941 suisset
913 1866 1082 1966 tristata,
1109 1894 1157 1949 ne
1175 1898 1240 1951 eo·

170 1988 274 2063 rum,
306 1968 367 2063 qul
391 1964 547 2041 nostram
575 1964 670 2038 cirea
688 1964 807 2041 Deum
830 1966 1094 2045 observantiam
1116 1978 1239 2051 mirari

171 2068 322 2163 debent,
346 2062 604 2161 possentfiniri.
656 2060 750 2139 Etdi
778 2068 1237 2170 numlueratDeieultore,

171 2170 317 2269 dignum
332 2164 488 2258 Imperio
509 2182 596 2257 tuo,
630 2168 729 2257 quod
748 2088 874 2241 {bristi
891 2170 1030 2263 pietate¹
1042 2174 1178 2267 regitur
1200 2176 1238 2249 dt

170 2282 346 2365 augetur,
370 2264 571 2361 specialiter
587 2265 660 2339 lioc
678 2265 788 2360 ipsum
807 2286 876 2361 pro
894 2273 1099 2346 reverentia
1112 2270 1237 2351 santiae

168 2364 376 2463 religionis,
402 2366 458 2439 cui
474 2364 669 2459 prudenter
687 2368 848 2441 intentus
865 2390 916 2451 es,
943 2371 1167 2448 clementiam
1180 2390 1237 2447 tu·

169 2489 228 2547 aru
250 2466 356 2541 nobis
373 2464 416 2539 ad
437 2466 512 2539 haec
526 2466 749 2561 impetranda
771 2466 945 2560 praestare.

270 2586 304 2639 2.
326 2562 397 2639 Sed
407 2566 511 2639 multi
524 2564 690 2641 Ecclesiae
707 2570 864 2642 membra
880 2570 1040 2646 lacerare
1051 2569 1236 2670 festinant,

169 2668 231 2763 qui
248 2662 505 2740 confinxerunt
519 2688 576 2741 me
594 2666 732 2739 litteras
749 2665 982 2765 suppreshsle,
1017 2692 1065 2745 ue
1088 2675 1237 2749 crimina

167 2770 266 2863 ejus,
309 2786 414 2859 quein
435 2763 647 2839 dicebantur
670 2766 945 2863 condemnasse,
985 2773 1077 2864 apud
1107 2794 1236 2847 onmes

166 2880 355 2963 paterent,
382 2887 468 2958 quas
489 2866 564 2939 illas
582 2865 747 2940 litteras‘s
782 2866 1042 2960 Episcoporum
1066 2870 1236 2943 Orienta-

165 2972 272 3059 lium,
300 2964 627 3063 &AEgyptiorum3
661 2969 789 3058 quibus
811 2968 846 3039 in
864 2970 1029 3041 omnibus
1051 2973 1172 3043 eadem
1194 2973 1234 3047 in

163 3064 396 3141 Athanasium
424 3068 568 3139 crimina
598 3068 905 3141 continebantur?
944 3068 997 3141 At
1017 3069 1096 3142 satis
1119 3076 1235 3144 onini-

164 3170 232 3241 bus
247 3170 379 3239 clarum
391 3166 454 3255 est,
484 3188 552 3239 nec
569 3169 750 3258 quisquam
767 3184 888 3262 negat,
914 3190 981 3241 nos
994 3166 1235 3248 Orientalium

162 3270 301 3345 litteras
325 3266 517 3357 intimasse,
548 3266 667 3363 legisse
690 3266 871 3349 licitene,
906 3266 1024 3363 legisse
1040 3268 1232 3367 Concilio,

163 3383 272 3460 atque
291 3370 366 3441 haec
390 3370 494 3440 etiam
512 3366 756 3439 Orientalibus
775 3366 1012 3462 respondisse,
1047 3372 1107 3463 qui
1123 3368 1234 3448 iidem

163 3468 422 3542 &sententiam
439 3490 513 3539 non
534 3468 844 3540 commodavimus
861 3468 1032 3561 nostram,
1061 3474 1158 3563 quod
1171 3494 1236 3547 eo·

163 3570 244 3642 dein
261 3582 427 3660 tempore
446 3566 629 3661 ocloginta
646 3567 896 3659 episcoporum
911 3568 1169 3665 AEgyptiorum
1185 3574 1232 3644 de

162 3668 362 3742 Athanasio
385 3665 558 3738 sententia
578 3671 817 3762 repugnabat,
847 3689 949 3756 quam
973 3670 1128 3742 similiter
1144 3671 1233 3740 reci·

161 3768 318 3841 tavimus
344 3783 451 3857 atque
473 3767 725 3841 insinuavimus
752 3766 926 3859 episcopis
953 3768 1061 3842 italis.
1122 3766 1234 3839 Unde

161 3882 293 3941 contra
318 3869 474 3941 divinam
498 3870 611 3963 legem
632 3865 746 3940 visum
765 3868 815 3939 cll
834 3870 960 3955 etiam,
995 3888 1074 3937 cuin
1095 3865 1233 3956 episco-

161 3987 293 4062 porum
317 3990 486 4042 numerus
511 3990 579 4060 pro
612 3966 806 4039 Athanasio
833 3967 947 4057 major
968 3964 1155 4056 existeret,
1193 3968 1232 4041 in

160 4082 267 4161 parte
281 4066 395 4157 aliqua
411 4068 643 4139 commodare
661 4064 878 4140 consensum.
933 4064 1018 4137 Hec
1035 4061 1177 4157 scripta,
1205 4068 1232 4143 si

160 4164 247 4240 Deo
274 4162 380 4238 fidem
397 4167 505 4237 debet
522 4161 716 4253 Eusebius,
755 4168 813 4256 qui
832 4164 947 4238 missus
965 4164 1103 4254 suerat,
1138 4164 1233 4236 festi·

160 4287 251 4341 nans
279 4267 322 4337 ad
347 4264 507 4337 Africam
533 4269 640 4339 nobis
668 4266 831 4355 reliquit:
870 4287 947 4355 quae
969 4278 1090 4340 tamen
1108 4263 1233 4357 postea

161 4368 283 4439 omnia
307 4364 458 4457 scripta,
492 4387 539 4437 ne
565 4368 607 4439 ad
623 4366 884 4459 impetrandum
905 4365 1002 4437 forte
1025 4366 1233 4439 Concilium

161 4465 343 4557 deessent,
369 4466 608 4559 Vincentius,
636 4466 697 4559 qui
714 4488 795 4539 cuni
812 4467 942 4537 ceteris
958 4465 1076 4539 missus
1102 4466 1236 4559 suerat,

159 4562 348 4639 Arelatum
365 4569 523 4657 pertulit.

252 4686 287 4753 3.
323 4666 437 4737 Videt
461 4668 570 4763 igitur
592 4667 784 4755 prudentia
803 4677 885 4747 tua,
912 4661 998 4733 nihil
1018 4661 1055 4732 in
1075 4664 1233 4741 animuin

125 4770 259 4835 meum
268 4761 466 4867 introisse,
503 4769 608 4866 quod
625 4768 714 4847 Deo
734 4762 972 4845 seruientibus
988 4763 1234 4930 uonilignnm

1087 4873 1196 4935 uerat
