2717 5709
253 918 538 1055 Tenemur
562 996 612 1053 ιι
635 972 842 1055 xcviii·
862 972 1103 1058 eirenen
1153 998 1228 1078 535

152 1155 244 1229 nent
258 1156 302 1221 rr,
327 1138 368 1220 6
385 1145 442 1239 qni
455 1140 806 1240 noonuntreflimonia
818 1154 886 1215 rua.
936 1140 1032 1215 Vult
1044 1160 1133 1239 ergo
1145 1163 1224 1233 eoa,
1248 1190 1254 1201 =

155 1245 216 1339 qui
235 1242 355 1317 Deum
371 1244 713 1335 timerecoeperunt,
739 1238 828 1315 adse
839 1239 1022 1337 Propheta
1036 1244 1224 1338 converti,
1267 1290 1270 1295 ·

144 1357 198 1423 ut
216 1364 282 1437 per
299 1341 496 1417 dotirinam
512 1340 606 1417 suam
622 1344 659 1417 in
672 1343 770 1416 vitiis
787 1339 855 1415 suis
870 1341 904 1417 dc
921 1342 1128 1418 criminibus
1143 1364 1224 1416 eru.

152 1442 320 1519 bescant:
353 1443 509 1541 cognitis
527 1440 662 1518 scilicet
680 1441 893 1517 testimoniis
910 1442 1003 1534 Dei,
1031 1442 1222 1536 dequibus

151 1546 266 1622 muita
275 1545 348 1636 jana
362 1544 528 1626 diximus,
553 1542 589 1615 dr
605 1541 743 1618 confufi
759 1542 805 1616 de
820 1542 1007 1617 veteribus
1026 1542 1161 1618 delitiis
1176 1544 1223 1620 ad

148 1642 412 1719 institutionem
436 1641 642 1740 ‘Prophetae
671 1640 942 1735 doctrinamque
972 1640 1007 1716 se
1037 1641 1220 1736 referant;

149 1762 308 1837 quorum
325 1766 371 1819 ex
386 1741 550 1840 superbia
563 1745 841 1841 atquepeccatis
852 1744 897 1819 ad
907 1743 1080 1838 pietatem
1095 1745 1222 1823 mode·

146 1842 321 1938 stiamque
338 1843 532 1942 conversio
552 1842 614 1919 est.

253 1954 309 2027 18.
337 1941 522 2020 Concluiit
537 1959 658 2020 autern
678 1944 907 2021 verecundia
923 1942 991 2021 sue
1009 1965 1134 2041 more,
1168 1943 1221 2037 di·

149 2064 257 2120 cens:
287 2048 366 2118 utar
381 2068 434 2120 cor
448 2071 549 2119 merim
560 2046 797 2123 immaculatum
805 2052 844 2118 in
846 2049 1128 2147 juflnicarionibus
1139 2051 1219 2136 tuis,

146 2162 269 2220 utnon
281 2144 471 2239 confundar.
526 2143 730 2235 Exercetur
747 2148 785 2221 in
800 2147 998 2240 mandatis,
1023 2148 1220 2222 meditatur

146 2249 187 2322 in
204 2247 297 2343 lege,
320 2245 489 2340 iustitiam
498 2246 720 2341 judiciorum
737 2246 809 2322 Dei
825 2249 1021 2347 cognovit,
1046 2249 1218 2323 timenter

146 2343 349 2422 Dominum
370 2345 563 2444 conspediu
584 2349 660 2441 eius
674 2348 862 2444 letantur,
897 2348 1060 2423 manibus
1077 2347 1150 2422 Dei
1166 2346 1219 2422 fa·
1267 2395 1271 2406 ·

148 2444 224 2519 tius
242 2458 350 2538 atque
370 2445 548 2543 formatur
571 2446 646 2538 est3
674 2447 804 2522 &non
822 2449 931 2524 audet
951 2447 1072 2521 dicere
1095 2449 1218 2522 imma·

147 2545 304 2623 colatum
325 2567 391 2620 cor
413 2548 476 2622 fibi
499 2546 586 2623 effe:
613 2547 830 2623 &audemus
848 2547 1028 2623 interdurn
1044 2547 1217 2641 preferre

143 2644 393 2722 innocentiam
407 2647 584 2737 nostram,
606 2645 740 2741 jaiiare
755 2649 931 2725 vitiorum
951 2646 1216 2739 abstinentiam,

143 2743 180 2817 dr
200 2764 313 2838 poros
339 2768 409 2823 nor
434 2769 454 2821 a
475 2747 760 2841 peccatis’atque
776 2749 1022 2843 iniquitatibus
1040 2746 1215 2845 gloriari?

143 2844 215 2921 Sed
236 2857 278 2919 ut
299 2842 426 2942 fidem,
453 2846 794 2923 itadrhumilitatern
808 2846 1068 2924 acmodestirm
1080 2848 1216 2922 discere

143 2966 164 3017 a
182 2945 366 3039 Propheta
386 2968 456 3022 nos
475 2951 677 3042 convenit,
705 2963 850 3041 orante,
876 2963 918 3024 ut
936 2948 997 3023 sibi
1013 2949 1216 3023 immacula-

143 3057 222 3118 tum
245 3065 311 3117 cor
329 3044 405 3119 fiat.
458 3047 535 3120 Scit
553 3053 648 3123 enirn
671 3070 783 3122 exeo
803 3050 993 3144 progredi,
1020 3047 1216 3125 secundum

143 3142 200 3235 id,
240 3143 339 3234 qnod
360 3141 491 3237 ditium
507 3145 577 3222 est:
612 3145 671 3219 De
687 3148 799 3220 corde
816 3149 910 3222 enirn
927 3161 1063 3220 exeunt
1079 3150 1217 3244 cogita·

143 3243 263 3314 tiones
278 3244 400 3338 nale,
427 3245 564 3338 cedes,
590 3243 767 3339 lasciviae,
792 3246 1079 3337 fornicationes,
1105 3245 1216 3332 furta,

143 3341 334 3432 falsitates,
366 3345 616 3438 blasphemio,
652 3344 836 3423 &horum
851 3346 985 3422 rimiiia.
1043 3347 1130 3420 Hoc
1150 3347 1215 3443 igi·

143 3442 810 3541 turimmacolaturnfierideprocatur,
836 3447 934 3542 unde
943 3458 1003 3521 tot
1013 3459 1217 3523 tantorum·

143 3563 211 3636 que
227 3545 424 3638 vitiorum,
451 3544 545 3637 quasi
562 3566 608 3619 ex
629 3547 783 3638 quodam
801 3549 955 3641 fomite,
980 3545 1213 3644 initiasugge·

142 3658 281 3729 runtur.
331 3642 602 3721 Immaculaturn
623 3659 742 3721 autem
756 3647 830 3721 hoc
847 3648 962 3722 modo
977 3646 1090 3721 sciens
1111 3644 1213 3741 fieri,

143 3742 166 3817 ir
186 3744 223 3816 in
238 3741 553 3836 justificationibus
573 3744 650 3819 Dei·
662 3761 822 3823 maneat:
845 3744 1140 3842 justificationum
1152 3768 1214 3821 au·

143 3854 214 3916 tern
239 3845 335 3918 hunc
361 3844 515 3921 frutium
535 3843 606 3919 ess'e
628 3846 817 3943 intelligit,
855 3870 903 3922 ne
927 3847 965 3922 in
988 3847 1043 3921 his
1063 3867 1213 3923 manens

142 3941 397 4024 confundatur.
449 3943 626 4019 Confusio
643 3947 736 4019 enirn
758 3968 803 4021 ex
821 3961 1058 4042 peccatorum
1075 3945 1215 4023 consci-

143 4041 238 4114 entia
255 4042 320 4135 est,
347 4045 435 4119 &ex
445 4046 650 4142 opprobrio
662 4045 885 4125 delidiorurn.
937 4047 1011 4121 Ubi
1022 4066 1112 4145 ergo
1125 4067 1214 4125 coo·

143 4139 232 4216 fufio
254 4161 330 4217 non
354 4147 444 4239 erit,
476 4165 546 4218 nec
562 4160 752 4237 peccatum
771 4148 850 4222 erit
902 4144 1097 4223 Peccatum
1117 4154 1212 4221 vero

143 4241 201 4314 ubi
218 4260 296 4315 non
311 4243 393 4337 erit,
419 4245 456 4319 in
470 4242 785 4338 iustificationibus
803 4246 872 4323 Dei
887 4247 1101 4324 manebitur.
1152 4246 1214 4343 Ju-

143 4337 374 4522 fflffionea
398 4357 518 4425 autem
536 4344 630 4445 Dei,
657 4348 926 4429 immaculatum
944 4366 1011 4426 cor
1031 4344 1103 4427 effe
1125 4368 1213 4446 pre⁴

611 4745 727 4842 ure
990 4737 1187 4826 aaran.
