<?xml version="1.0" encoding="UTF-8"?>
<!DOCTYPE html PUBLIC "-//W3C//DTD XHTML 1.0 Transitional//EN"
    "http://www.w3.org/TR/xhtml1/DTD/xhtml1-transitional.dtd">
<html xmlns="http://www.w3.org/1999/xhtml" xml:lang="en" lang="en">
 <head>
  <title>
</title>
<meta http-equiv="Content-Type" content="text/html;charset=utf-8" />
  <meta name='ocr-system' content='tesseract 3.04.00' />
  <meta name='ocr-capabilities' content='ocr_page ocr_carea ocr_par ocr_line ocrx_word'/>
</head>
<body>
  <div class='ocr_page' id='page_1' title='image "./operaomniasanct02librgoog_0144.png"; bbox 0 0 2717 5709; ppageno 0'>
   <div class='ocr_carea' id='block_1_1' title="bbox 191 1012 969 1171">
    <p class='ocr_par' dir='ltr' id='par_1_1' title="bbox 191 1012 969 1171">
     <span class='ocr_line' id='line_1_1' title="bbox 191 1012 969 1171; baseline -0.012 -12"><span class='ocrx_word' id='word_1_1' title='bbox 191 1084 240 1163; x_wconf 60' lang='grc' dir='ltr'><em>Δ</em></span> <span class='ocrx_word' id='word_1_2' title='bbox 350 1124 404 1139; x_wconf 83' lang='grc'>·-</span> <span class='ocrx_word' id='word_1_3' title='bbox 527 1072 565 1153; x_wconf 58' lang='grc' dir='ltr'><strong>ἃ</strong></span> <span class='ocrx_word' id='word_1_4' title='bbox 615 1012 969 1171; x_wconf 66' lang='grc' dir='ltr'>ΗιιΑιιςΙ</span> 
     </span>
    </p>
   </div>
   <div class='ocr_carea' id='block_1_2' title="bbox 151 1232 1261 4907">
    <p class='ocr_par' dir='ltr' id='par_1_2' title="bbox 190 1232 1261 1429">
     <span class='ocr_line' id='line_1_2' title="bbox 190 1232 1261 1335; baseline 0.009 -20"><span class='ocrx_word' id='word_1_5' title='bbox 190 1252 286 1315; x_wconf 83' lang='lat' dir='ltr'>trem</span> <span class='ocrx_word' id='word_1_6' title='bbox 309 1236 407 1313; x_wconf 85' lang='lat' dir='ltr'>dicat</span> <span class='ocrx_word' id='word_1_7' title='bbox 425 1236 520 1313; x_wconf 82' lang='lat' dir='ltr'>Filio</span> <span class='ocrx_word' id='word_1_8' title='bbox 545 1232 615 1310; x_wconf 86' lang='lat' dir='ltr'>effe</span> <span class='ocrx_word' id='word_1_9' title='bbox 629 1237 840 1335; x_wconf 84' lang='lat' dir='ltr'>unigenito,</span> <span class='ocrx_word' id='word_1_10' title='bbox 864 1237 1047 1331; x_wconf 84' lang='lat' dir='ltr'>juniorem</span> <span class='ocrx_word' id='word_1_11' title='bbox 1065 1254 1184 1323; x_wconf 86' lang='lat' dir='ltr'>autem</span> <span class='ocrx_word' id='word_1_12' title='bbox 1202 1243 1261 1325; x_wconf 78' lang='lat' dir='ltr'>Fl·</span> 
     </span>
     <span class='ocr_line' id='line_1_3' title="bbox 191 1334 708 1429; baseline -0.012 -12"><span class='ocrx_word' id='word_1_13' title='bbox 191 1340 279 1417; x_wconf 91' lang='lat' dir='ltr'>lium</span> <span class='ocrx_word' id='word_1_14' title='bbox 297 1338 425 1429; x_wconf 87' lang='lat' dir='ltr'>Patre,</span> <span class='ocrx_word' id='word_1_15' title='bbox 450 1336 638 1413; x_wconf 83' lang='lat' dir='ltr'>anathema</span> <span class='ocrx_word' id='word_1_16' title='bbox 655 1334 708 1411; x_wconf 92' lang='lat' dir='ltr'>sit.</span> 
     </span>
    </p>

    <p class='ocr_par' dir='ltr' id='par_1_3' title="bbox 185 1436 1261 1933">
     <span class='ocr_line' id='line_1_4' title="bbox 296 1436 1261 1534; baseline 0.011 -23"><span class='ocrx_word' id='word_1_17' title='bbox 296 1461 353 1527; x_wconf 74' lang='lat'>24„</span> <span class='ocrx_word' id='word_1_18' title='bbox 381 1437 471 1511; x_wconf 91' lang='lat' dir='ltr'>Non</span> <span class='ocrx_word' id='word_1_19' title='bbox 487 1438 740 1511; x_wconf 88' lang='lat' dir='ltr'>calumniamur</span> <span class='ocrx_word' id='word_1_20' title='bbox 751 1436 796 1511; x_wconf 91' lang='lat' dir='ltr'>de</span> <span class='ocrx_word' id='word_1_21' title='bbox 809 1436 965 1533; x_wconf 82' lang='lat' dir='ltr'>rescissis,</span> <span class='ocrx_word' id='word_1_22' title='bbox 991 1440 1261 1534; x_wconf 88' lang='lat' dir='ltr'>dequibusma-</span> 
     </span>
     <span class='ocr_line' id='line_1_5' title="bbox 185 1534 1258 1635; baseline 0.006 -22"><span class='ocrx_word' id='word_1_23' title='bbox 185 1542 245 1635; x_wconf 81' lang='lat' dir='ltr'>gis</span> <span class='ocrx_word' id='word_1_24' title='bbox 272 1538 353 1633; x_wconf 86' lang='lat' dir='ltr'>post</span> <span class='ocrx_word' id='word_1_25' title='bbox 382 1536 565 1611; x_wconf 85' lang='lat' dir='ltr'>Nicaenam</span> <span class='ocrx_word' id='word_1_26' title='bbox 594 1534 770 1630; x_wconf 85' lang='lat' dir='ltr'>synodum</span> <span class='ocrx_word' id='word_1_27' title='bbox 794 1538 963 1611; x_wconf 87' lang='lat' dir='ltr'>institutis</span> <span class='ocrx_word' id='word_1_28' title='bbox 991 1546 1258 1635; x_wconf 84' lang='lat' dir='ltr'>conquerimur.</span> 
     </span>
     <span class='ocr_line' id='line_1_6' title="bbox 189 1638 1257 1737; baseline 0.005 -22"><span class='ocrx_word' id='word_1_29' title='bbox 189 1638 287 1715; x_wconf 89' lang='lat' dir='ltr'>Nam</span> <span class='ocrx_word' id='word_1_30' title='bbox 312 1638 443 1712; x_wconf 87' lang='lat' dir='ltr'>ctiamfi</span> <span class='ocrx_word' id='word_1_31' title='bbox 462 1640 500 1710; x_wconf 92' lang='lat' dir='ltr'>iii</span> <span class='ocrx_word' id='word_1_32' title='bbox 520 1638 575 1709; x_wconf 91' lang='lat' dir='ltr'>his</span> <span class='ocrx_word' id='word_1_33' title='bbox 592 1640 758 1711; x_wconf 91' lang='lat' dir='ltr'>omnibus</span> <span class='ocrx_word' id='word_1_34' title='bbox 778 1639 866 1711; x_wconf 88' lang='lat' dir='ltr'>nihil</span> <span class='ocrx_word' id='word_1_35' title='bbox 882 1640 1056 1715; x_wconf 90' lang='lat' dir='ltr'>vitiorum</span> <span class='ocrx_word' id='word_1_36' title='bbox 1076 1640 1257 1737; x_wconf 86' lang='lat' dir='ltr'>subjacere</span> 
     </span>
     <span class='ocr_line' id='line_1_7' title="bbox 191 1736 1260 1832; baseline 0.005 -18"><span class='ocrx_word' id='word_1_37' title='bbox 191 1740 406 1829; x_wconf 86' lang='lat' dir='ltr'>affirmetur,</span> <span class='ocrx_word' id='word_1_38' title='bbox 445 1758 521 1809; x_wconf 92' lang='lat' dir='ltr'>non</span> <span class='ocrx_word' id='word_1_39' title='bbox 545 1752 663 1811; x_wconf 83' lang='lat' dir='ltr'>tamen</span> <span class='ocrx_word' id='word_1_40' title='bbox 681 1736 782 1811; x_wconf 89' lang='lat' dir='ltr'>causa</span> <span class='ocrx_word' id='word_1_41' title='bbox 801 1737 972 1832; x_wconf 77' lang='lat' dir='ltr'>religiosae</span> <span class='ocrx_word' id='word_1_42' title='bbox 986 1743 1185 1817; x_wconf 86' lang='lat' dir='ltr'>voluntatis</span> <span class='ocrx_word' id='word_1_43' title='bbox 1205 1746 1260 1819; x_wconf 92' lang='lat' dir='ltr'>in·</span> 
     </span>
     <span class='ocr_line' id='line_1_8' title="bbox 185 1835 1255 1933; baseline 0.002 -19"><span class='ocrx_word' id='word_1_44' title='bbox 185 1838 297 1927; x_wconf 82' lang='lat' dir='ltr'>esset:</span> <span class='ocrx_word' id='word_1_45' title='bbox 330 1838 410 1931; x_wconf 92' lang='lat' dir='ltr'>quia</span> <span class='ocrx_word' id='word_1_46' title='bbox 424 1838 505 1909; x_wconf 88' lang='lat' dir='ltr'>mali</span> <span class='ocrx_word' id='word_1_47' title='bbox 520 1837 708 1911; x_wconf 82' lang='lat' dir='ltr'>meditatio</span> <span class='ocrx_word' id='word_1_48' title='bbox 727 1835 799 1930; x_wconf 89' lang='lat' dir='ltr'>est,</span> <span class='ocrx_word' id='word_1_49' title='bbox 834 1838 1016 1913; x_wconf 90' lang='lat' dir='ltr'>bonorum</span> <span class='ocrx_word' id='word_1_50' title='bbox 1033 1843 1255 1933; x_wconf 81' lang='lat' dir='ltr'>demutati03</span> 
     </span>
    </p>

    <p class='ocr_par' dir='ltr' id='par_1_4' title="bbox 162 1934 1259 2835">
     <span class='ocr_line' id='line_1_9' title="bbox 162 1934 1257 2029; baseline 0.007 -18"><span class='ocrx_word' id='word_1_51' title='bbox 162 1962 165 1967; x_wconf 92' lang='lat'>·</span> <span class='ocrx_word' id='word_1_52' title='bbox 191 1940 228 2011; x_wconf 84' lang='lat' dir='ltr'>di</span> <span class='ocrx_word' id='word_1_53' title='bbox 246 1959 322 2011; x_wconf 94' lang='lat' dir='ltr'>non</span> <span class='ocrx_word' id='word_1_54' title='bbox 340 1934 532 2011; x_wconf 86' lang='lat' dir='ltr'>necessaria</span> <span class='ocrx_word' id='word_1_55' title='bbox 549 1937 754 2012; x_wconf 83' lang='lat' dir='ltr'>emendatio</span> <span class='ocrx_word' id='word_1_56' title='bbox 771 1938 1013 2029; x_wconf 76' lang='lat' dir='ltr'>perversitatis</span> <span class='ocrx_word' id='word_1_57' title='bbox 1032 1941 1176 2015; x_wconf 77' lang='lat' dir='ltr'>occasio</span> <span class='ocrx_word' id='word_1_58' title='bbox 1193 1944 1257 2019; x_wconf 86' lang='lat' dir='ltr'>est.</span> 
     </span>
     <span class='ocr_line' id='line_1_10' title="bbox 189 2034 1259 2135; baseline 0.003 -22"><span class='ocrx_word' id='word_1_59' title='bbox 189 2034 342 2131; x_wconf 85' lang='lat' dir='ltr'>Taceo,</span> <span class='ocrx_word' id='word_1_60' title='bbox 376 2058 439 2109; x_wconf 91' lang='lat' dir='ltr'>cur</span> <span class='ocrx_word' id='word_1_61' title='bbox 459 2037 578 2110; x_wconf 91' lang='lat' dir='ltr'>nostra</span> <span class='ocrx_word' id='word_1_62' title='bbox 596 2038 690 2131; x_wconf 88' lang='lat' dir='ltr'>apud</span> <span class='ocrx_word' id='word_1_63' title='bbox 706 2036 865 2110; x_wconf 80' lang='lat' dir='ltr'>Nicaeam</span> <span class='ocrx_word' id='word_1_64' title='bbox 881 2040 1073 2133; x_wconf 78' lang='lat' dir='ltr'>apartibus</span> <span class='ocrx_word' id='word_1_65' title='bbox 1088 2040 1184 2135; x_wconf 86' lang='lat' dir='ltr'>gesta</span> <span class='ocrx_word' id='word_1_66' title='bbox 1201 2064 1259 2116; x_wconf 91' lang='lat' dir='ltr'>re·</span> 
     </span>
     <span class='ocr_line' id='line_1_11' title="bbox 186 2137 1256 2225; baseline 0.001 -10"><span class='ocrx_word' id='word_1_67' title='bbox 186 2140 339 2224; x_wconf 80' lang='lat' dir='ltr'>scindis3</span> <span class='ocrx_word' id='word_1_68' title='bbox 375 2140 562 2211; x_wconf 89' lang='lat' dir='ltr'>nonenim</span> <span class='ocrx_word' id='word_1_69' title='bbox 588 2157 668 2210; x_wconf 91' lang='lat' dir='ltr'>cum</span> <span class='ocrx_word' id='word_1_70' title='bbox 691 2137 744 2209; x_wconf 92' lang='lat' dir='ltr'>his</span> <span class='ocrx_word' id='word_1_71' title='bbox 769 2138 833 2210; x_wconf 91' lang='lat' dir='ltr'>tibi</span> <span class='ocrx_word' id='word_1_72' title='bbox 853 2137 1047 2211; x_wconf 88' lang='lat' dir='ltr'>convenit:</span> <span class='ocrx_word' id='word_1_73' title='bbox 1079 2140 1156 2225; x_wconf 86' lang='lat' dir='ltr'>¹hoc</span> <span class='ocrx_word' id='word_1_74' title='bbox 1177 2154 1256 2216; x_wconf 85' lang='lat' dir='ltr'>tan-</span> 
     </span>
     <span class='ocr_line' id='line_1_12' title="bbox 179 2234 1255 2333; baseline 0.001 -20"><span class='ocrx_word' id='word_1_75' title='bbox 179 2252 266 2333; x_wconf 81' lang='lat' dir='ltr'>tum</span> <span class='ocrx_word' id='word_1_76' title='bbox 291 2258 435 2327; x_wconf 83' lang='lat' dir='ltr'>quaero,</span> <span class='ocrx_word' id='word_1_77' title='bbox 462 2258 526 2309; x_wconf 92' lang='lat' dir='ltr'>cur</span> <span class='ocrx_word' id='word_1_78' title='bbox 547 2251 607 2309; x_wconf 90' lang='lat' dir='ltr'>tua</span> <span class='ocrx_word' id='word_1_79' title='bbox 628 2234 797 2309; x_wconf 78' lang='lat' dir='ltr'>damnas?</span> <span class='ocrx_word' id='word_1_80' title='bbox 836 2235 960 2311; x_wconf 88' lang='lat' dir='ltr'>Fidem</span> <span class='ocrx_word' id='word_1_81' title='bbox 978 2237 1071 2310; x_wconf 89' lang='lat' dir='ltr'>enim</span> <span class='ocrx_word' id='word_1_82' title='bbox 1092 2259 1198 2313; x_wconf 88' lang='lat' dir='ltr'>unam</span> <span class='ocrx_word' id='word_1_83' title='bbox 1219 2240 1255 2314; x_wconf 77' lang='lat' dir='ltr'>dt</span> 
     </span>
     <span class='ocr_line' id='line_1_13' title="bbox 187 2336 1255 2432; baseline 0 -19"><span class='ocrx_word' id='word_1_84' title='bbox 187 2336 884 2431; x_wconf 84' lang='lat' dir='ltr'>uriumbaptismaApostoluspraedicat:</span> <span class='ocrx_word' id='word_1_85' title='bbox 901 2336 1255 2432; x_wconf 69' lang='lat' dir='ltr'>iamquidquidapud</span> 
     </span>
     <span class='ocr_line' id='line_1_14' title="bbox 187 2434 1254 2534; baseline -0.001 -19"><span class='ocrx_word' id='word_1_86' title='bbox 187 2434 678 2534; x_wconf 86' lang='lat' dir='ltr'>tepraeterfidemunamest,</span> <span class='ocrx_word' id='word_1_87' title='bbox 706 2434 1106 2527; x_wconf 87' lang='lat' dir='ltr'>perfidianonsidesest.</span> <span class='ocrx_word' id='word_1_88' title='bbox 1156 2438 1254 2514; x_wconf 92' lang='lat' dir='ltr'>Nam</span> 
     </span>
     <span class='ocr_line' id='line_1_15' title="bbox 188 2534 1258 2635; baseline 0.004 -24"><span class='ocrx_word' id='word_1_89' title='bbox 188 2542 250 2633; x_wconf 90' lang='lat' dir='ltr'>qui</span> <span class='ocrx_word' id='word_1_90' title='bbox 275 2537 379 2611; x_wconf 86' lang='lat' dir='ltr'>fidem</span> <span class='ocrx_word' id='word_1_91' title='bbox 398 2538 623 2609; x_wconf 87' lang='lat' dir='ltr'>emendando</span> <span class='ocrx_word' id='word_1_92' title='bbox 643 2538 862 2609; x_wconf 91' lang='lat' dir='ltr'>condemnas</span> <span class='ocrx_word' id='word_1_93' title='bbox 885 2537 1149 2635; x_wconf 87' lang='lat' dir='ltr'>damnationem</span> <span class='ocrx_word' id='word_1_94' title='bbox 1171 2534 1258 2615; x_wconf 90' lang='lat' dir='ltr'>fidei</span> 
     </span>
     <span class='ocr_line' id='line_1_16' title="bbox 187 2636 1254 2735; baseline -0.001 -21"><span class='ocrx_word' id='word_1_95' title='bbox 187 2638 260 2715; x_wconf 89' lang='lat' dir='ltr'>esse</span> <span class='ocrx_word' id='word_1_96' title='bbox 291 2638 501 2723; x_wconf 87' lang='lat' dir='ltr'>constituis;</span> <span class='ocrx_word' id='word_1_97' title='bbox 532 2639 614 2711; x_wconf 91' lang='lat' dir='ltr'>dum</span> <span class='ocrx_word' id='word_1_98' title='bbox 643 2636 735 2728; x_wconf 90' lang='lat' dir='ltr'>apud</span> <span class='ocrx_word' id='word_1_99' title='bbox 757 2651 793 2707; x_wconf 89' lang='lat' dir='ltr'>te</span> <span class='ocrx_word' id='word_1_100' title='bbox 816 2639 982 2711; x_wconf 90' lang='lat' dir='ltr'>aboletur</span> <span class='ocrx_word' id='word_1_101' title='bbox 1001 2659 1066 2733; x_wconf 88' lang='lat' dir='ltr'>per</span> <span class='ocrx_word' id='word_1_102' title='bbox 1083 2640 1254 2735; x_wconf 86' lang='lat' dir='ltr'>alteram,</span> 
     </span>
     <span class='ocr_line' id='line_1_17' title="bbox 188 2735 928 2835; baseline -0.005 -22"><span class='ocrx_word' id='word_1_103' title='bbox 188 2762 267 2835; x_wconf 89' lang='lat' dir='ltr'>quae</span> <span class='ocrx_word' id='word_1_104' title='bbox 283 2760 347 2834; x_wconf 91' lang='lat' dir='ltr'>per</span> <span class='ocrx_word' id='word_1_105' title='bbox 365 2742 512 2811; x_wconf 87' lang='lat' dir='ltr'>alteram</span> <span class='ocrx_word' id='word_1_106' title='bbox 527 2735 645 2809; x_wconf 90' lang='lat' dir='ltr'>rursus</span> <span class='ocrx_word' id='word_1_107' title='bbox 669 2736 848 2809; x_wconf 88' lang='lat' dir='ltr'>abolenda</span> <span class='ocrx_word' id='word_1_108' title='bbox 867 2736 928 2811; x_wconf 90' lang='lat' dir='ltr'>est.</span> 
     </span>
    </p>

    <p class='ocr_par' dir='ltr' id='par_1_5' title="bbox 176 2837 1257 4736">
     <span class='ocr_line' id='line_1_18' title="bbox 292 2837 1254 2930; baseline -0.002 -17"><span class='ocrx_word' id='word_1_109' title='bbox 292 2864 347 2927; x_wconf 80' lang='lat'>25.</span> <span class='ocrx_word' id='word_1_110' title='bbox 375 2838 484 2930; x_wconf 85' lang='lat' dir='ltr'>Cujus</span> <span class='ocrx_word' id='word_1_111' title='bbox 502 2842 595 2911; x_wconf 91' lang='lat' dir='ltr'>enim</span> <span class='ocrx_word' id='word_1_112' title='bbox 611 2854 651 2909; x_wconf 93' lang='lat' dir='ltr'>tu</span> <span class='ocrx_word' id='word_1_113' title='bbox 670 2837 799 2909; x_wconf 85' lang='lat' dir='ltr'>exinde</span> <span class='ocrx_word' id='word_1_114' title='bbox 818 2837 976 2930; x_wconf 86' lang='lat' dir='ltr'>episcopi</span> <span class='ocrx_word' id='word_1_115' title='bbox 994 2857 1136 2912; x_wconf 92' lang='lat' dir='ltr'>manum</span> <span class='ocrx_word' id='word_1_116' title='bbox 1148 2837 1254 2911; x_wconf 85' lang='lat' dir='ltr'>inno·</span> 
     </span>
     <span class='ocr_line' id='line_1_19' title="bbox 188 2935 1256 3035; baseline -0.002 -19"><span class='ocrx_word' id='word_1_117' title='bbox 188 2956 331 3016; x_wconf 83' lang='lat' dir='ltr'>centem</span> <span class='ocrx_word' id='word_1_118' title='bbox 343 2935 540 3030; x_wconf 76' lang='lat' dir='ltr'>reliquisti?</span> <span class='ocrx_word' id='word_1_119' title='bbox 567 2939 684 3035; x_wconf 85' lang='lat' dir='ltr'>Quam</span> <span class='ocrx_word' id='word_1_120' title='bbox 698 2939 851 3032; x_wconf 84' lang='lat' dir='ltr'>linguam</span> <span class='ocrx_word' id='word_1_121' title='bbox 867 2959 942 3009; x_wconf 94' lang='lat' dir='ltr'>non</span> <span class='ocrx_word' id='word_1_122' title='bbox 961 2938 1003 3008; x_wconf 92' lang='lat' dir='ltr'>ad</span> <span class='ocrx_word' id='word_1_123' title='bbox 1017 2938 1256 3029; x_wconf 74' lang='lat' dir='ltr'>falsiloquium</span> 
     </span>
     <span class='ocr_line' id='line_1_20' title="bbox 187 3036 1253 3136; baseline -0.002 -22"><span class='ocrx_word' id='word_1_124' title='bbox 187 3038 362 3136; x_wconf 73' lang='lat' dir='ltr'>coegisti?</span> <span class='ocrx_word' id='word_1_125' title='bbox 397 3039 509 3135; x_wconf 87' lang='lat' dir='ltr'>Quod</span> <span class='ocrx_word' id='word_1_126' title='bbox 531 3059 595 3109; x_wconf 87' lang='lat' dir='ltr'>coi</span> <span class='ocrx_word' id='word_1_127' title='bbox 615 3058 691 3109; x_wconf 93' lang='lat' dir='ltr'>non</span> <span class='ocrx_word' id='word_1_128' title='bbox 712 3037 755 3107; x_wconf 93' lang='lat' dir='ltr'>ad</span> <span class='ocrx_word' id='word_1_129' title='bbox 776 3036 1040 3109; x_wconf 89' lang='lat' dir='ltr'>damnationem</span> <span class='ocrx_word' id='word_1_130' title='bbox 1061 3038 1253 3112; x_wconf 85' lang='lat' dir='ltr'>anterioris</span> 
     </span>
     <span class='ocr_line' id='line_1_21' title="bbox 184 3136 1255 3231; baseline -0.005 -15"><span class='ocrx_word' id='word_1_131' title='bbox 184 3144 370 3216; x_wconf 85' lang='lat' dir='ltr'>sentcntiae</span> <span class='ocrx_word' id='word_1_132' title='bbox 392 3136 605 3211; x_wconf 76' lang='lat' dir='ltr'>demutasti?</span> <span class='ocrx_word' id='word_1_133' title='bbox 629 3137 810 3209; x_wconf 85' lang='lat' dir='ltr'>Damnare</span> <span class='ocrx_word' id='word_1_134' title='bbox 834 3137 1049 3209; x_wconf 89' lang='lat' dir='ltr'>homousion</span> <span class='ocrx_word' id='word_1_135' title='bbox 1066 3138 1255 3231; x_wconf 89' lang='lat' dir='ltr'>decernis,</span> 
     </span>
     <span class='ocr_line' id='line_1_22' title="bbox 186 3234 1255 3332; baseline -0.004 -17"><span class='ocrx_word' id='word_1_136' title='bbox 186 3240 409 3332; x_wconf 87' lang='lat' dir='ltr'>antiquitatis</span> <span class='ocrx_word' id='word_1_137' title='bbox 426 3238 557 3327; x_wconf 87' lang='lat' dir='ltr'>fidem,</span> <span class='ocrx_word' id='word_1_138' title='bbox 589 3236 623 3309; x_wconf 82' lang='lat' dir='ltr'>dt</span> <span class='ocrx_word' id='word_1_139' title='bbox 643 3238 787 3329; x_wconf 88' lang='lat' dir='ltr'>pietatis</span> <span class='ocrx_word' id='word_1_140' title='bbox 807 3234 1032 3309; x_wconf 87' lang='lat' dir='ltr'>securitatem</span> <span class='ocrx_word' id='word_1_141' title='bbox 1052 3239 1255 3311; x_wconf 86' lang='lat' dir='ltr'>anathema-</span> 
     </span>
     <span class='ocr_line' id='line_1_23' title="bbox 184 3334 1256 3431; baseline -0.007 -14"><span class='ocrx_word' id='word_1_142' title='bbox 184 3344 287 3417; x_wconf 84' lang='lat' dir='ltr'>tizari</span> <span class='ocrx_word' id='word_1_143' title='bbox 304 3340 527 3412; x_wconf 84' lang='lat' dir='ltr'>homoeufion</span> <span class='ocrx_word' id='word_1_144' title='bbox 543 3341 585 3412; x_wconf 92' lang='lat' dir='ltr'>ab</span> <span class='ocrx_word' id='word_1_145' title='bbox 602 3338 655 3410; x_wconf 86' lang='lat' dir='ltr'>his</span> <span class='ocrx_word' id='word_1_146' title='bbox 670 3334 765 3429; x_wconf 76' lang='lat' dir='ltr'>ipss,</span> <span class='ocrx_word' id='word_1_147' title='bbox 793 3338 954 3430; x_wconf 89' lang='lat' dir='ltr'>aquibus</span> <span class='ocrx_word' id='word_1_148' title='bbox 970 3337 1173 3431; x_wconf 90' lang='lat' dir='ltr'>usurpatum</span> <span class='ocrx_word' id='word_1_149' title='bbox 1187 3337 1256 3431; x_wconf 89' lang='lat' dir='ltr'>est,</span> 
     </span>
     <span class='ocr_line' id='line_1_24' title="bbox 184 3434 1253 3531; baseline -0.005 -16"><span class='ocrx_word' id='word_1_150' title='bbox 184 3438 416 3515; x_wconf 89' lang='lat' dir='ltr'>constituisti:</span> <span class='ocrx_word' id='word_1_151' title='bbox 444 3440 543 3528; x_wconf 92' lang='lat' dir='ltr'>quod</span> <span class='ocrx_word' id='word_1_152' title='bbox 558 3436 693 3510; x_wconf 90' lang='lat' dir='ltr'>tametsi</span> <span class='ocrx_word' id='word_1_153' title='bbox 709 3436 815 3509; x_wconf 89' lang='lat' dir='ltr'>nobis</span> <span class='ocrx_word' id='word_1_154' title='bbox 836 3437 879 3508; x_wconf 91' lang='lat' dir='ltr'>ad</span> <span class='ocrx_word' id='word_1_155' title='bbox 898 3434 1003 3509; x_wconf 88' lang='lat' dir='ltr'>fidem</span> <span class='ocrx_word' id='word_1_156' title='bbox 1017 3436 1171 3510; x_wconf 90' lang='lat' dir='ltr'>otiosum</span> <span class='ocrx_word' id='word_1_157' title='bbox 1187 3438 1253 3531; x_wconf 72' lang='lat' dir='ltr'>est,</span> 
     </span>
     <span class='ocr_line' id='line_1_25' title="bbox 181 3534 1252 3615; baseline -0.005 -1"><span class='ocrx_word' id='word_1_158' title='bbox 181 3554 306 3615; x_wconf 88' lang='lat' dir='ltr'>tamen</span> <span class='ocrx_word' id='word_1_159' title='bbox 324 3537 603 3610; x_wconf 87' lang='lat' dir='ltr'>rescindentibus</span> <span class='ocrx_word' id='word_1_160' title='bbox 614 3535 697 3609; x_wconf 90' lang='lat' dir='ltr'>fidei</span> <span class='ocrx_word' id='word_1_161' title='bbox 712 3534 778 3607; x_wconf 80' lang='lat' dir='ltr'>suae</span> <span class='ocrx_word' id='word_1_162' title='bbox 789 3538 970 3609; x_wconf 83' lang='lat' dir='ltr'>damnatio</span> <span class='ocrx_word' id='word_1_163' title='bbox 983 3535 1042 3610; x_wconf 87' lang='lat' dir='ltr'>est.</span> <span class='ocrx_word' id='word_1_164' title='bbox 1094 3535 1252 3610; x_wconf 87' lang='lat' dir='ltr'>Damnas</span> 
     </span>
     <span class='ocr_line' id='line_1_26' title="bbox 183 3636 1252 3735; baseline -0.006 -22"><span class='ocrx_word' id='word_1_165' title='bbox 183 3660 332 3735; x_wconf 92' lang='lat' dir='ltr'>quoque</span> <span class='ocrx_word' id='word_1_166' title='bbox 353 3636 599 3711; x_wconf 80' lang='lat' dir='ltr'>&amp;substantiae</span> <span class='ocrx_word' id='word_1_167' title='bbox 616 3657 765 3723; x_wconf 77' lang='lat' dir='ltr'>nomen,</span> <span class='ocrx_word' id='word_1_168' title='bbox 793 3656 866 3726; x_wconf 93' lang='lat' dir='ltr'>quo</span> <span class='ocrx_word' id='word_1_169' title='bbox 884 3636 972 3709; x_wconf 85' lang='lat' dir='ltr'>te&amp;</span> <span class='ocrx_word' id='word_1_170' title='bbox 993 3636 1185 3710; x_wconf 85' lang='lat' dir='ltr'>Sardicenfi</span> <span class='ocrx_word' id='word_1_171' title='bbox 1198 3636 1252 3728; x_wconf 82' lang='lat' dir='ltr'>sy-</span> 
     </span>
     <span class='ocr_line' id='line_1_27' title="bbox 182 3733 1252 3832; baseline -0.007 -17"><span class='ocrx_word' id='word_1_172' title='bbox 182 3741 286 3817; x_wconf 87' lang='lat' dir='ltr'>nodo</span> <span class='ocrx_word' id='word_1_173' title='bbox 312 3737 346 3811; x_wconf 81' lang='lat' dir='ltr'>dt</span> <span class='ocrx_word' id='word_1_174' title='bbox 372 3737 548 3812; x_wconf 88' lang='lat' dir='ltr'>Sirmiensi</span> <span class='ocrx_word' id='word_1_175' title='bbox 573 3738 669 3832; x_wconf 91' lang='lat' dir='ltr'>pium</span> <span class='ocrx_word' id='word_1_176' title='bbox 696 3733 766 3809; x_wconf 90' lang='lat' dir='ltr'>esse</span> <span class='ocrx_word' id='word_1_177' title='bbox 784 3735 1082 3817; x_wconf 86' lang='lat' dir='ltr'>Occidentalibus</span> <span class='ocrx_word' id='word_1_178' title='bbox 1103 3739 1252 3810; x_wconf 88' lang='lat' dir='ltr'>mentie-</span> 
     </span>
     <span class='ocr_line' id='line_1_28' title="bbox 181 3834 1250 3931; baseline -0.007 -16"><span class='ocrx_word' id='word_1_179' title='bbox 181 3841 298 3915; x_wconf 87' lang='lat' dir='ltr'>baris:</span> <span class='ocrx_word' id='word_1_180' title='bbox 331 3839 429 3931; x_wconf 93' lang='lat' dir='ltr'>quod</span> <span class='ocrx_word' id='word_1_181' title='bbox 444 3852 563 3913; x_wconf 83' lang='lat' dir='ltr'>tamen</span> <span class='ocrx_word' id='word_1_182' title='bbox 580 3837 796 3931; x_wconf 89' lang='lat' dir='ltr'>prophetica</span> <span class='ocrx_word' id='word_1_183' title='bbox 810 3836 1021 3909; x_wconf 70' lang='lat' dir='ltr'>auctoritate</span> <span class='ocrx_word' id='word_1_184' title='bbox 1038 3834 1250 3929; x_wconf 89' lang='lat' dir='ltr'>susceptum,</span> 
     </span>
     <span class='ocr_line' id='line_1_29' title="bbox 177 3934 1252 4034; baseline -0.006 -19"><span class='ocrx_word' id='word_1_185' title='bbox 177 3938 267 4015; x_wconf 87' lang='lat' dir='ltr'>fidei</span> <span class='ocrx_word' id='word_1_186' title='bbox 282 3940 553 4034; x_wconf 84' lang='lat' dir='ltr'>intelligentiam</span> <span class='ocrx_word' id='word_1_187' title='bbox 571 3937 794 4010; x_wconf 89' lang='lat' dir='ltr'>continebat.</span> <span class='ocrx_word' id='word_1_188' title='bbox 847 3934 966 4008; x_wconf 86' lang='lat' dir='ltr'>Omne</span> <span class='ocrx_word' id='word_1_189' title='bbox 988 3938 1122 4027; x_wconf 89' lang='lat' dir='ltr'>itaque,</span> <span class='ocrx_word' id='word_1_190' title='bbox 1150 3935 1252 4026; x_wconf 87' lang='lat' dir='ltr'>quod</span> 
     </span>
     <span class='ocr_line' id='line_1_30' title="bbox 177 4035 1251 4137; baseline 0 -27"><span class='ocrx_word' id='word_1_191' title='bbox 177 4039 376 4137; x_wconf 84' lang='lat' dir='ltr'>probatum</span> <span class='ocrx_word' id='word_1_192' title='bbox 394 4054 499 4110; x_wconf 89' lang='lat' dir='ltr'>antea</span> <span class='ocrx_word' id='word_1_193' title='bbox 519 4035 589 4125; x_wconf 81' lang='lat' dir='ltr'>est,</span> <span class='ocrx_word' id='word_1_194' title='bbox 622 4038 788 4108; x_wconf 90' lang='lat' dir='ltr'>damnare</span> <span class='ocrx_word' id='word_1_195' title='bbox 802 4037 926 4126; x_wconf 89' lang='lat' dir='ltr'>jubes:</span> <span class='ocrx_word' id='word_1_196' title='bbox 959 4037 1056 4127; x_wconf 91' lang='lat' dir='ltr'>quod</span> <span class='ocrx_word' id='word_1_197' title='bbox 1069 4037 1251 4130; x_wconf 86' lang='lat' dir='ltr'>improba·</span> 
     </span>
     <span class='ocr_line' id='line_1_31' title="bbox 178 4132 1251 4228; baseline -0.004 -15"><span class='ocrx_word' id='word_1_198' title='bbox 178 4153 260 4214; x_wconf 90' lang='lat' dir='ltr'>tum</span> <span class='ocrx_word' id='word_1_199' title='bbox 276 4134 411 4228; x_wconf 86' lang='lat' dir='ltr'>semper</span> <span class='ocrx_word' id='word_1_200' title='bbox 432 4137 503 4227; x_wconf 85' lang='lat' dir='ltr'>est,</span> <span class='ocrx_word' id='word_1_201' title='bbox 535 4132 750 4207; x_wconf 78' lang='lat' dir='ltr'>sandificaie</span> <span class='ocrx_word' id='word_1_202' title='bbox 773 4136 970 4228; x_wconf 91' lang='lat' dir='ltr'>compellis.</span> <span class='ocrx_word' id='word_1_203' title='bbox 1023 4134 1058 4207; x_wconf 95' lang='lat' dir='ltr'>O</span> <span class='ocrx_word' id='word_1_204' title='bbox 1083 4150 1124 4209; x_wconf 93' lang='lat' dir='ltr'>tu</span> <span class='ocrx_word' id='word_1_205' title='bbox 1143 4135 1251 4209; x_wconf 87' lang='lat' dir='ltr'>scele-</span> 
     </span>
     <span class='ocr_line' id='line_1_32' title="bbox 176 4233 1252 4328; baseline -0.007 -13"><span class='ocrx_word' id='word_1_206' title='bbox 176 4240 255 4315; x_wconf 81' lang='lat' dir='ltr'>ste!</span> <span class='ocrx_word' id='word_1_207' title='bbox 291 4237 351 4328; x_wconf 89' lang='lat' dir='ltr'>qui</span> <span class='ocrx_word' id='word_1_208' title='bbox 370 4235 560 4309; x_wconf 89' lang='lat' dir='ltr'>ludibrium</span> <span class='ocrx_word' id='word_1_209' title='bbox 586 4236 630 4307; x_wconf 93' lang='lat' dir='ltr'>de</span> <span class='ocrx_word' id='word_1_210' title='bbox 655 4233 812 4310; x_wconf 82' lang='lat' dir='ltr'>Ecclesia</span> <span class='ocrx_word' id='word_1_211' title='bbox 836 4237 940 4308; x_wconf 85' lang='lat' dir='ltr'>sacis!</span> <span class='ocrx_word' id='word_1_212' title='bbox 974 4234 1049 4308; x_wconf 89' lang='lat' dir='ltr'>Soli</span> <span class='ocrx_word' id='word_1_213' title='bbox 1075 4257 1181 4307; x_wconf 87' lang='lat' dir='ltr'>canes</span> <span class='ocrx_word' id='word_1_214' title='bbox 1206 4235 1252 4307; x_wconf 91' lang='lat' dir='ltr'>ad</span> 
     </span>
     <span class='ocr_line' id='line_1_33' title="bbox 182 4333 1257 4414; baseline -0.006 -4"><span class='ocrx_word' id='word_1_215' title='bbox 182 4339 365 4414; x_wconf 89' lang='lat' dir='ltr'>vomitum</span> <span class='ocrx_word' id='word_1_216' title='bbox 385 4338 482 4408; x_wconf 88' lang='lat' dir='ltr'>stium</span> <span class='ocrx_word' id='word_1_217' title='bbox 504 4335 673 4407; x_wconf 87' lang='lat' dir='ltr'>redeunt:</span> <span class='ocrx_word' id='word_1_218' title='bbox 712 4350 751 4406; x_wconf 91' lang='lat' dir='ltr'>tu</span> <span class='ocrx_word' id='word_1_219' title='bbox 772 4336 975 4408; x_wconf 87' lang='lat' dir='ltr'>sacerdotes</span> <span class='ocrx_word' id='word_1_220' title='bbox 994 4336 1120 4408; x_wconf 85' lang='lat' dir='ltr'>Christi</span> <span class='ocrx_word' id='word_1_221' title='bbox 1141 4333 1257 4405; x_wconf 87' lang='lat' dir='ltr'>resor-</span> 
     </span>
     <span class='ocr_line' id='line_1_34' title="bbox 181 4431 1249 4531; baseline -0.007 -19"><span class='ocrx_word' id='word_1_222' title='bbox 181 4443 271 4513; x_wconf 92' lang='lat' dir='ltr'>bere</span> <span class='ocrx_word' id='word_1_223' title='bbox 292 4460 356 4527; x_wconf 89' lang='lat' dir='ltr'>ea,</span> <span class='ocrx_word' id='word_1_224' title='bbox 383 4458 459 4528; x_wconf 83' lang='lat' dir='ltr'>quae</span> <span class='ocrx_word' id='word_1_225' title='bbox 477 4434 703 4529; x_wconf 82' lang='lat' dir='ltr'>exspuerant,</span> <span class='ocrx_word' id='word_1_226' title='bbox 731 4436 889 4531; x_wconf 81' lang='lat' dir='ltr'>coegisti.</span> <span class='ocrx_word' id='word_1_227' title='bbox 948 4434 1106 4507; x_wconf 92' lang='lat' dir='ltr'>Probare</span> <span class='ocrx_word' id='word_1_228' title='bbox 1129 4454 1193 4503; x_wconf 90' lang='lat' dir='ltr'>eos</span> <span class='ocrx_word' id='word_1_229' title='bbox 1210 4431 1249 4504; x_wconf 92' lang='lat' dir='ltr'>id</span> 
     </span>
     <span class='ocr_line' id='line_1_35' title="bbox 179 4532 1249 4628; baseline -0.011 -13"><span class='ocrx_word' id='word_1_230' title='bbox 179 4542 221 4615; x_wconf 88' lang='lat' dir='ltr'>in</span> <span class='ocrx_word' id='word_1_231' title='bbox 244 4539 278 4612; x_wconf 91' lang='lat' dir='ltr'>se</span> <span class='ocrx_word' id='word_1_232' title='bbox 296 4536 572 4612; x_wconf 83' lang='lat' dir='ltr'>confessionibus</span> <span class='ocrx_word' id='word_1_233' title='bbox 591 4536 657 4607; x_wconf 92' lang='lat' dir='ltr'>suis</span> <span class='ocrx_word' id='word_1_234' title='bbox 679 4537 860 4628; x_wconf 68' lang='lat' dir='ltr'>praecipis,</span> <span class='ocrx_word' id='word_1_235' title='bbox 888 4535 986 4625; x_wconf 92' lang='lat' dir='ltr'>quod</span> <span class='ocrx_word' id='word_1_236' title='bbox 1002 4549 1085 4608; x_wconf 89' lang='lat' dir='ltr'>ante</span> <span class='ocrx_word' id='word_1_237' title='bbox 1104 4532 1249 4603; x_wconf 85' lang='lat' dir='ltr'>damna·</span> 
     </span>
     <span class='ocr_line' id='line_1_36' title="bbox 181 4626 1246 4736; baseline -0.002 -29"><span class='ocrx_word' id='word_1_238' title='bbox 181 4652 331 4712; x_wconf 83' lang='lat' dir='ltr'>verant:</span> <span class='ocrx_word' id='word_1_239' title='bbox 357 4640 393 4711; x_wconf 94' lang='lat' dir='ltr'>in</span> <span class='ocrx_word' id='word_1_240' title='bbox 415 4636 580 4736; x_wconf 85' lang='lat' dir='ltr'>negando</span> <span class='ocrx_word' id='word_1_241' title='bbox 598 4657 681 4708; x_wconf 88' lang='lat' dir='ltr'>reos</span> <span class='ocrx_word' id='word_1_242' title='bbox 705 4633 786 4707; x_wconf 91' lang='lat' dir='ltr'>suos</span> <span class='ocrx_word' id='word_1_243' title='bbox 802 4634 1014 4724; x_wconf 86' lang='lat' dir='ltr'>absolvunt,</span> <span class='ocrx_word' id='word_1_244' title='bbox 1042 4626 1246 4720; x_wconf 81' lang='lat' dir='ltr'>&amp;seipsos</span> 
     </span>
    </p>

    <p class='ocr_par' dir='ltr' id='par_1_6' title="bbox 151 4732 1248 4907">
     <span class='ocr_line' id='line_1_37' title="bbox 151 4732 1248 4907; baseline 0.01 -107"><span class='ocrx_word' id='word_1_245' title='bbox 151 4752 252 4805; x_wconf 74' lang='lat' dir='ltr'>teos</span> <span class='ocrx_word' id='word_1_246' title='bbox 276 4738 453 4815; x_wconf 84' lang='lat' dir='ltr'>reddunt,</span> <span class='ocrx_word' id='word_1_247' title='bbox 512 4737 646 4816; x_wconf 81' lang='lat' dir='ltr'>Omnia</span> <span class='ocrx_word' id='word_1_248' title='bbox 664 4738 704 4814; x_wconf 90' lang='lat' dir='ltr'>in</span> <span class='ocrx_word' id='word_1_249' title='bbox 726 4738 968 4835; x_wconf 83' lang='lat' dir='ltr'>impietatem,</span> <span class='ocrx_word' id='word_1_250' title='bbox 1002 4732 1248 4907; x_wconf 39' lang='lat' dir='ltr'>&amp;infflrcatum</span> 
     </span>
    </p>

    <p class='ocr_par' dir='ltr' id='par_1_7' title="bbox 1104 4845 1198 4907">
     <span class='ocr_line' id='line_1_38' title="bbox 1104 4845 1198 4907; baseline -0.043 1"><span class='ocrx_word' id='word_1_251' title='bbox 1104 4845 1198 4907; x_wconf 73' lang='lat' dir='ltr'>ttiu-</span> 
     </span>
    </p>
   </div>
   <div class='ocr_carea' id='block_1_3' title="bbox 0 0 1364 5709">
    <p class='ocr_par' dir='ltr' id='par_1_8' title="bbox 0 0 1364 5709">
     <span class='ocr_line' id='line_1_39' title="bbox 0 0 1364 5709; baseline 0 0"><span class='ocrx_word' id='word_1_252' title='bbox 0 0 1364 5709; x_wconf 95' lang='lat' dir='ltr'> </span> 
     </span>
    </p>
   </div>
  </div>
 </body>
</html>
