2717 5709
194 820 1031 989 Tnacaarutru·xcviii-Panamara
1080 876 1154 967 35¹

88 1038 287 1117 infirmitati
304 1036 433 1114 nostrae
449 1038 618 1137 congruis
634 1034 804 1131 instituit,
829 1048 872 1111 ut
887 1036 1064 1131 danaum,
1086 1035 1154 1128 'qui

91 1144 273 1237 ignoratus
288 1141 349 1233 lit,
375 1143 599 1231 noverimus,
623 1138 847 1213 &mandatis
864 1138 940 1231 ejus
957 1134 1152 1213 secundum
1226 1192 1230 1197 -

91 1246 317 1315 voluntatem
347 1241 482 1314 decreti
507 1239 556 1313 sui
583 1241 886 1333 obtemperemus.
948 1234 1171 1321 Perlcdlum,

90 1342 182 1415 enim
199 1340 305 1438 Legis
322 1340 355 1413 dt
372 1340 649 1433 Prophetarum,
675 1340 709 1411 δι
734 1337 1015 1435 Evangeliorum
1030 1340 1149 1411 virum

91 1444 127 1514 in
143 1442 240 1513 omni
261 1439 380 1534 psalmi
397 1440 493 1515 iliius
505 1460 663 1533 corpore
675 1438 857 1533 Propheta
870 1435 1077 1511 conformat
1084 1438 1150 1522 uel

89 1562 134 1615 ex
157 1540 235 1631 sua,
264 1544 323 1615 vel
342 1562 387 1615 ex
406 1542 570 1623 alterius,
599 1535 1062 1634 queminstituatpersona,
1089 1537 1149 1610 cui

88 1641 127 1712 in
147 1636 277 1712 fiducia
295 1642 359 1731 ht,
391 1639 467 1712 haec
486 1640 529 1713 de
551 1637 604 1729 se,
640 1660 718 1731 quae
736 1637 888 1730 subjciia
901 1638 1000 1723 sunt,
1024 1636 1148 1728 predi·

91 1758 182 1812 care.
242 1738 304 1813 Est
330 1756 447 1813 autem
475 1740 618 1834 dignum
637 1733 824 1829 contueri,
863 1758 932 1829 qua
949 1735 1146 1811 verborum
1253 1752 1270 1793 ὲ

85 1839 290 1933 diligentia,
317 1860 385 1931 qua
402 1841 648 1935 intelligentie
661 1837 887 1913 absolutione
899 1856 968 1909 nos
981 1838 1017 1909 in
1032 1836 1148 1931 langu-

82 1940 127 2011 lis
146 1938 528 2035 qulbnsqbedidlorum
545 1940 734 2035 generibus
750 1937 932 2030 Propheta
943 1933 1146 2011 confirmet.

187 2058 218 2111 a.
246 2040 338 2111 Dicit
368 2036 462 2113 enint
492 2040 530 2114 in
553 2039 668 2112 tertiae
695 2038 840 2111 decima
863 2038 992 2109 litterae
1020 2032 1144 2107 versu:

82 2140 245 2230 Quomodo
261 2140 360 2212 dilexi
374 2140 464 2232 legem
481 2154 589 2223 tuam,
618 2132 778 2209 Domine?
813 2131 895 2206 ‘Tota
916 2139 965 2207 iic
983 2136 1145 2208 meditatio

79 2237 122 2331 cll
139 2240 230 2307 mihi.
296 2236 479 2311 Promtum
499 2240 623 2330 utiquc
637 2238 755 2311 fuerat
771 2233 911 2311 dixillc:
938 2234 1142 2407 (giumda

79 2336 153 2409 feci
174 2339 289 2430 legem
310 2336 431 2411 tuam?
457 2338 525 2410 Sed
541 2338 621 2430 quia
634 2338 744 2429 majus
757 2333 958 2411 meritum'c

79 2450 157 2509 tem
179 2436 308 2527 aliquid
332 2439 454 2531 potius
481 2452 606 2533 agere,
642 2456 746 2529 quarn
764 2439 970 2522 timentem3
990 2433 1143 2526 ‚idcirco

80 2537 152 2607 ait:
196 2539 240 2606 Ur
262 2538 359 2607 dilexi
383 2538 474 2631 legem
493 2554 590 2611 ruam.
651 2534 778 2609 Differt
800 2537 892 2609 enim
910 2536 1021 2631 longe
1044 2530 1145 2607 oble·
1258 2581 1266 2616 ,

79 2636 205 2725 quium
238 2638 368 2709 amoris
393 2660 412 2709 a
436 2638 575 2710 timoris
595 2634 736 2710 officio:
774 2656 844 2709 nec
867 2634 976 2708 habet
993 2633 1143 2730 gratiam

79 2736 301 2825 uoluntatis,
328 2736 539 2810 necelhtatis
566 2738 745 2831 operatio.
797 2733 887 2808 Non
905 2736 1027 2809 omnia
1044 2735 1141 2808 enim

990 2388 1002 2426 ,
1030 2354 1147 2407 aman·
1282 2411 1283 2418 χ

79 2832 119 2904 ad
145 2832 292 2924 perleili
318 2834 477 2927 obsequii
495 2835 838 2914 consummationem
860 2834 922 2907 irbi
941 2835 1001 2907 illa
1017 2817 1141 2906 suffici·
1177 2885 1186 2907 ,
1209 2849 1214 2861 ’
1282 2903 1283 2906 ,

79 2946 162 3020 ant,
191 2952 268 3022 quae
282 2936 443 3024 quamvis
462 2956 554 3026 opus
572 2936 669 3009 snum
685 2929 870 3026 impleant,
895 2934 1140 3023 tamen,quia
1180 2992 1184 3002 .

79 3028 314 3115 :oadtasunm
340 3032 471 3104 rnerito
491 3034 920 3128 plcnaegratiaeindigent.
969 3032 1063 3103 Vult
1074 3032 1139 3128 igi·

79 3146 136 3200 :ur
155 3126 336 3219 Propheta
347 3150 439 3224 opus
457 3129 554 3203 suurn
572 3130 772 3205 diledlionis
786 3130 923 3225 potius,
949 3132 1058 3223 quani
1066 3144 1137 3202 ter·

79 3228 171 3299 roris
197 3224 284 3313 elle;
317 3228 411 3301 &ex
429 3230 602 3305 charitate
619 3228 826 3320 obsequium
847 3228 966 3322 suum,
997 3250 1074 3303 non
1089 3250 1137 3303 ex

79 3342 174 3402 netu
189 3324 322 3419 suscipi.
373 3328 482 3400 Multi
499 3330 676 3422 jejunant,
703 3332 786 3404 dum
805 3330 941 3403 anobis
954 3330 1136 3425 objurgari

79 3432 211 3499 imant.
264 3426 373 3501 Multi
391 3430 520 3519 aliquid
534 3433 570 3501 in
586 3429 684 3505 ulum
702 3431 934 3526 indigentium
950 3430 1133 3524 probent,

79 3528 156 3600 lum
174 3526 383 3616 exprobrari
403 3528 631 3622 irreligiosam
652 3530 809 3601 avaritia
831 3527 899 3601 suae
919 3530 1134 3603 &inutilem
1282 3599 1283 3610 ,

79 3625 304 3717 cupiditatem
328 3624 592 3717 pertimescunt.
644 3628 755 3703 Multi
779 3628 961 3703 ecclesiam
978 3628 1132 3721 adeunt,
1282 3637 1283 3720 g

79 3728 156 3797 lum
177 3725 275 3820 argui
292 3722 482 3799 absentiam
498 3724 591 3801 suam
603 3726 896 3825 &negligentiam
907 3725 1133 3803 erubescunt.

79 3823 141 3895 led
165 3844 241 3897 non
264 3844 389 3898 omnes
417 3826 472 3919 id,
511 3828 609 3919 quod
635 3826 792 3918 faciunt,
829 3829 863 3899 dc
894 3842 1023 3903 amant.
1081 3826 1132 3899 lu
1202 3850 1206 3857 ·

79 3942 272 3996 aaronem
305 3946 392 4021 crgo
417 3946 493 3999 non
517 3924 637 4019 potest
655 3927 814 4001 incidere
832 3928 1014 4003 necelhtaa
1030 3924 1134 3999 obse-

79 4022 203 4115 puclae:
237 4024 317 4111 quia
340 4044 447 4098 nemo
473 4025 530 4116 id,
563 4024 661 4117 quod
688 4028 823 4121 diligit,
852 4048 929 4101 non
946 4026 1038 4104 vult.
1089 4022 1132 4098 In
1282 4009 1283 4092 i

79 4120 163 4197 atto
185 4141 276 4192 vero
291 4124 410 4216 potest
430 4146 505 4199 non
520 4125 653 4199 inbelle
675 4126 840 4220 diledlio,
867 4127 950 4201 dum
968 4126 1006 4199 id
1025 4121 1138 4213 effici-v
1282 4205 1283 4216 χ

79 4242 142 4311 ur,
171 4221 269 4309 quod
285 4242 360 4294 non
378 4224 497 4297 facille
512 4242 573 4297 aut
590 4239 724 4320 terror,
750 4238 812 4297 aut
825 4226 944 4319 pudor
957 4225 1010 4301 sat.
1061 4222 1133 4296 Sed

79 4320 252 4415 ’copheta
268 4322 303 4393 in
323 4325 424 4395 nullo
441 4321 600 4398 intirmua
617 4322 678 4400 est.
740 4326 853 4425 Quod
868 4339 983 4408 amat,
1021 4321 1129 4415 facit,

79 4446 95 4493 r
122 4420 224 4511 quod
246 4420 354 4516 facit,
386 4421 633 4497 indeficienter
656 4440 815 4500 exercet.
865 4424 1001 4523 Legem
1017 4416 1164 4509 enim,‘
1282 4459 1283 4462 Ν

79 4542 174 4615 ,uam
193 4520 328 4620 diligit,
363 4523 703 4697 omnidie‚M&i1ae
721 4524 1134 4605 intermillioncmedita·

600 4643 687 4717 nra
1013 4638 1087 4713 tur,
