2717 5709
320 637 606 717 Teucrorus
631 656 681 715 tu
704 634 791 715 tv.
817 634 1055 714 Ponuntur.
1151 659 1220 733 ¹77

158 812 200 879 iu
222 777 378 903 conspeiirt
396 818 474 893 tuo,
488 802 571 899 ficut
591 808 629 873 in
642 795 837 897 promfforte
857 815 925 879 trra.
977 804 1221 872 Convertuntur

159 908 284 979 inimici
308 903 579 991 minuatione,
614 906 654 972 iu
683 924 872 1005 quormque
892 904 941 973 die
965 906 1157 972 invocavero
1173 916 1220 983 te.

154 1004 235 1083 Eece
249 1007 381 1105 cognovi
386 1049 398 1099 ρ
424 1005 501 1103 quio
525 1006 616 1075 Dm
630 1024 716 1073 rurus
732 1024 764 1073 rr
779 1015 826 1076 rr.
880 1002 921 1074 In
937 1004 1075 1091 Domino
1088 1000 1220 1073 nutu·

147 1099 343 1199 sermon,
381 1108 420 1175 r‘n
440 1092 581 1202 Domino
591 1100 735 1201 sperabo:
771 1122 838 1177 non
856 1100 988 1187 timebo,
1022 1099 1099 1205 qrrr'd
1110 1100 1218 1193 furat

152 1208 237 1278 milri
251 1206 350 1278 bomo.
403 1206 443 1278 In
459 1227 508 1293 pte
522 1203 603 1292 sunt
623 1206 711 1275 Deus
726 1218 803 1272 vrso
816 1219 891 1291 trra,
925 1224 992 1301 que
1010 1200 1133 1273 reddum
1149 1200 1219 1271 darr-

153 1310 299 1377 dationes
325 1302 406 1374 ribr'e
440 1306 588 1403 quoniam
615 1302 724 1401 eruiJii
748 1306 890 1377 unimam
918 1324 1017 1372 meum
1042 1300 1078 1371 de
1097 1317 1216 1391 morte,

155 1404 197 1481 (s
207 1405 297 1501 pedet
313 1426 391 1503 mcor
403 1404 439 1501 ie
452 1402 558 1509 lapsu:
583 1420 622 1476 ut
631 1403 771 1505 placeam
785 1427 886 1478 coram
903 1406 970 1475 Deo
984 1407 1022 1475 iu
1035 1402 1157 1473 iumine
1168 1404 1218 1487 ui·⁴

154 1523 313 1584 neutrum.
1157 1522 1159 1528 ·

371 1597 740 1743 Tuncrurus
773 1662 1001 1743 rsutur.

156 1826 191 1885 t.
206 1807 373 1981 Multa
398 1801 519 1901 psalmi
543 1804 795 1903 superscriptio
818 1800 1114 1899 comprehendit3
1141 1804 1218 1897 qud

323 1918 453 1999 praeter
470 1926 587 1981 rerum
605 1904 780 2005 gestarum
794 1909 985 1980 notionem
1002 1902 1145 1977 alterius
1165 1902 1218 1975 in·

153 2006 364 2102 telligentiae
381 2005 548 2081 intiment
561 2004 717 2081 sensum:
744 2026 824 2081 cum
837 2008 1023 2103 propagulo,
1049 2000 1219 2101 quidsui-

152 2104 215 2178 tiis
235 2110 322 2199 longe
338 2106 395 2203 ιβ,
419 2101 570 2201 psalmus
588 2104 661 2199 est,
688 2124 769 2181 cum
788 2106 884 2177 rituli
901 2104 1064 2200 inscriptio
1076 2099 1217 2197 praefel'·

152 2217 235 2299 tur,
271 2226 351 2278 cum
372 2202 556 2300 postremo
581 2204 771 2281 exordium
794 2202 904 2299 ipsum
924 2209 962 2275 in
972 2206 1044 2299 fine
1062 2200 1217 2295 praescri·

151 2305 261 2380 bitur.
311 2302 466 2379 sienim
494 2325 572 2379 erm
598 2301 915 2399 solrmmuerelrm
932 2303 1081 2402 presens
1101 2298 1216 2374 sermo

151 2408 380 2498 concineret,
408 2405 506 2496 quod
524 2402 1044 2504 comingetctrbitllophylir‚
1072 2404 1107 2475 ln
1118 2399 1217 2476 Geth

147 2502 270 2580 David
287 2517 494 2593 teneretur;
519 2518 641 2580 totum
657 2503 693 2580 se
711 2504 808 2579 ciret
821 2506 857 2582 id
868 2517 1007 2580 tontum
1019 2499 1216 2593 hiciuiqui·

148 2606 232 2677 tatis
252 2606 437 2700 increpito
462 2618 585 2679 motus
612 2602 805 2682 exsereret.
856 2602 910 2679 At
929 2624 1023 2679 vero
1043 2623 1124 2676 cum
1138 2600 1216 2675 hec

148 2718 232 2776 ante
254 2705 305 2775 rei
332 2702 436 2799 gestae
457 2702 754 2799 significationem
780 2705 824 2777 ad
846 2705 1076 2778 imbuendum
1096 2704 1216 2797 legen·

147 2805 239 2875 tium
264 2800 398 2874 sensum
418 2802 711 2896 dirigendumque
726 2804 871 2896 praeltta
888 2804 977 2893 sint,
1014 2804 1087 2873 sine
1104 2800 1214 2872 dubio

148 2899 399 2991 intelligimus,
425 2921 488 2988 per
507 2902 838 2996 rerumgestarum,
866 2923 942 2993 quae
960 2904 995 2973 in
1023 2900 1140 2971 David
1157 2920 1217 2993 ge·

151 2995 509 3090 ubanercinium,
534 3000 685 3091 imprimi
703 3000 824 3094 nobis,
850 2998 1040 3074 secundum
1056 2996 1215 3091 spiritum

147 3097 351 3191 prophetice
372 3116 492 3170 earum
508 3118 648 3193 rerum,
681 3120 759 3192 quae
786 3100 847 3176 sub
871 3104 923 3175 his
942 3099 1215 3195 prescriptioni-

145 3202 214 3272 bus
231 3193 424 3292 fignificatr
444 3194 524 3269 sunt
537 3199 746 3274 notionem:
771 3214 828 3294 ut,
854 3203 951 3294 quod
966 3200 1083 3272 Dauid
1099 3196 1213 3290 polius

147 3296 222 3390 est,
258 3292 499 3392 prefiguratio
523 3297 632 3370 fuerit
651 3298 844 3395 paffionum
870 3302 918 3374 D.
936 3300 985 3374 N.
1005 3300 1034 3390 J.
1055 3297 1119 3385 C„
1146 3311 1214 3389 ut,

147 3397 247 3489 quod
264 3398 359 3468 rituli
377 3396 629 3493 inscriptioni,
656 3399 756 3492 ejus,
783 3401 842 3490 qui
859 3399 1049 3472 moriendo
1068 3395 1213 3490 vicerit,

147 3493 339 3590 significata
365 3497 533 3569 videatur
559 3500 758 3585 aeterniter,
794 3501 874 3591 quia
895 3501 989 3571 tituli
1007 3494 1213 3588 inscriptio,

149 3615 253 3683 quam
276 3596 548 3691 stelographiam
572 3596 689 3672 sermo
714 3600 903 3694 graecitatis
932 3597 1118 3681 enuntiat,
1159 3598 1213 3669 his

147 3694 314 3778 maxime,
341 3698 399 3785 qui
413 3698 637 3789 probabilem
652 3699 765 3771 vitam
780 3698 950 3795 degentes
963 3699 1068 3770 etiam
1084 3717 1150 3788 pro
1165 3694 1213 3769 sa·

147 3794 224 3865 lute
242 3793 365 3883 patriae
385 3798 476 3867 moti
491 3798 527 3870 in
548 3798 646 3870 bello
665 3818 740 3871 non
757 3801 975 3892 timuerunt,
1015 3799 1056 3869 ad
1074 3795 1214 3867 uterni-

149 3893 234 3963 tatis
253 3892 604 3987 gloriamdeferatur.
659 3898 771 3992 Populo
786 3913 918 3985 autem,
945 3902 1001 3993 qui
1014 3895 1142 3989 ingesto
1152 3895 1214 3985 fa.

146 3990 218 4066 iius
233 4018 252 4062 a
261 3988 396 4081 sirudis,
423 3991 528 4068 lsrael
543 3996 705 4092 indignus
720 3997 830 4072 iatius
845 3995 1213 4091 santiilicationegen-

146 4092 256 4181 tium,
292 4094 474 4189 longeque
500 4096 544 4168 eb
567 4118 609 4168 eo
633 4093 812 4169 discedens
838 4096 907 4170 elie
927 4093 1126 4169 noscendus
1149 4094 1211 4171 est.

146 4190 260 4287 Quod
279 4209 395 4266 autern
418 4197 454 4264 in
468 4195 571 4287 finem
588 4193 658 4286 est,
686 4197 872 4290 proprium
889 4197 920 4268 ei
942 4194 1031 4286 elle,
1059 4200 1115 4283 qui
1132 4192 1211 4268 linis

144 4291 235 4392 legis
254 4287 326 4388 est,
352 4292 593 4396 intelligatur:
629 4294 728 4386 quod
748 4293 896 4396 idipsum
915 4290 1127 4473 psalmisfine
1146 4315 1213 4369 no·

638 4398 711 4490 83
1045 4412 1166 4491 cetur,
