2717 5709
183 1150 205 1191 '-
318 1192 427 1291 33·
994 1174 1071 1265 S·
1166 1168 1828 1283 ΗΙίΑιης.
1963 1234 1972 1241 .

318 1336 511 1447 effe,
582 1300 1048 1447 quoffvocis
1096 1334 1222 1426 est.
1362 1304 1704 1429 Audiunt
1753 1350 1992 1427 Deum
2053 1322 2468 1449 christum?

324 1465 591 1551 putant
626 1448 797 1541 ess'e,
848 1448 1048 1542 quod
1070 1449 1361 1529 dicitur.
1462 1449 1796 1529 Audiunt
1825 1448 2050 1529 filium
2091 1452 2274 1545 θεὶς
2327 1462 2462 1551 pu-

323 1564 493 1627 tant
542 1549 617 1624 in
668 1548 809 1623 Dei
859 1546 1243 1624 nativitate
1284 1548 1502 1626 iness'e
1547 1552 1692 1629 Dei
1729 1554 2134 1629 veritatem.
2233 1554 2466 1633 Audi·
2553 1572 2560 1601 ··

326 1668 469 1729 unt
506 1662 675 1723 ante
700 1662 1075 1744 tempora;
1100 1664 1385 1744 putant
1409 1650 1704 1745 idipsum
1744 1668 1914 1727 ante
1939 1664 2270 1747 tempora
2291 1652 2468 1747 effe,

386 1750 534 1829 uod
552 1747 823 1843 semper
841 1747 967 1825 est.·
1058 1746 1465 1827 Sanctiores
1483 1754 1962 1847 aures'plebis,
2014 1768 2222 1847 quam
2237 1752 2468 1829 corda

352 1864 500 1945 „unt
540 1847 1015 1925 sacerdotum.
1116 1846 1191 1923 Si
1218 1850 1460 1928 Deum
1500 1873 1756 1927 verum
1789 1851 2038 1926 Ariani
2071 1852 2472 1947 praedicant.

334 1946 743 2039 Christum,
822 1938 1061 2025 Deum
1101 1947 1249 2025 sine
1295 1948 1548 2026 fraude
1587 1950 1882 2029 confessi
1919 1949 2115 2027 sunt:
2183 1952 2382 2045 quod
2414 1952 2474 2029 st

332 2046 581 2129 Deum
632 2050 927 2143 dicunt,
1000 2048 1071 2123 ει
1112 2062 1383 2149 negant
1413 2071 1714 2147 verumf,
1785 2053 2116 2127 tribuunt
2153 2072 2478 2134 nomen»

334 2148 413 2233 ὰ
446 2149 769 2226 adimunt
796 2150 1205 2226 veritatem.

364 2248 375 2257 ‘
540 2268 605 2343 7.
660 2251 1111 2351 Quamquam
1158 2249 1378 2349 igitur
1413 2248 1817 2344 impiiffimir
1859 2268 2116 2327 eorum
2142 2248 2482 2343 blasphe-

334 2348 499 2431 miis
544 2350 775 2447 plenae
811 2370 1067 2423 omnes
1112 2350 1564 2437 ecclefiarum
1597 2350 1905 2443 chertae,
1955 2350 2294 2447 plenique
2327 2351 2479 2444 jam

337 2450 511 2529 libri
544 2448 715 2523 sunt:
766 2449 935 2541 quid
966 2452 1301 2545 proxime
1334 2466 1574 2525 tamen
1620 2450 1990 2542 acciderit,
2041 2468 2196 2525 nou
2233 2465 2481 2524 tacen-

340 2548 517 2625 dum
570 2544 694 2623 est.
800 2546 985 2623 Cum
1034 2548 1273 2627 edicto
1319 2552 1524 2648 gravi
1571 2548 1842 2627 sanans
1881 2571 2012 2626 rex
2067 2547 2480 2645 perturbari

264 2682 271 2691 ·
343 2646 737 2741 Ecclesiam
772 2646 1462 2731 Mediolanenfium,
1529 2672 1686 2745 quae
1713 2650 1953 2727 Deum
1985 2670 2239 2725 verum
2277 2646 2486 2731 Chri·

342 2746 525 2827 stum
568 2746 637 2822 δι
666 2748 876 2824 unius
906 2770 1069 2824 cum
1100 2749 1312 2825 Patre
1344 2749 1740 2825 divinitatis
1783 2752 1852 2826 &
1884 2748 2279 2826 substantiae
2303 2768 2486 2822 con·
2551 2808 2558 2815 .

346 2846 642 2942 fitetur,
694 2847 819 2922 sub
849 2850 1141 2923 unitatis
1174 2849 1411 2945 specie
1450 2850 1518 2924 δι
1559 2855 1945 2926 voluntate
1968 2850 2299 2945 juffisset,
2353 2849 2488 2922 eti-

348 2969 463 3024 am
518 2948 938 3043 importuna
985 2952 1571 3045 interpellatione
1621 2950 1904 3047 suggeffi
1936 3005 1963 3042 ,
2038 2950 2488 3024 Auxentium

344 3048 845 3143 blasphemum
887 3049 1069 3144 effe,
1143 3052 1209 3125 &
1246 3054 1551 3126 omnino
1590 3051 1868 3126 hostem
1916 3049 2170 3123 Christi
2226 3050 2490 3122 haben·

346 3149 558 3224 dum:
632 3150 851 3242 idque
904 3150 1173 3245 adjeci,
1251 3173 1414 3226 eum
1447 3152 1652 3226 aliter
1687 3152 2028 3240 credere,
2106 3162 2310 3240 quam
2355 3167 2491 3221 rex

346 3244 527 3345 ipse,
582 3238 708 3322 aut'
734 3251 850 3325 alii
875 3271 1128 3326 omnes
1149 3253 1522 3339 haberent.
1625 3248 1908 3355 Quibus
1926 3270 2056 3323 rex
2082 3262 2491 3345 permotus,

266 3380 277 3397 ·
349 3349 580 3423 audiri
632 3371 772 3424 nos
824 3372 866 3424 a
898 3352 1278 3448 Quaestore
1316 3354 1384 3425 δι
1414 3351 1763 3448 Magistro
1804 3352 2190 3445 precepit,
2264 3346 2494 3421 confi·

351 3447 693 3524 dentibus
745 3471 892 3525 una
940 3454 1323 3528 nobiscum
1379 3451 1732 3547 episcopis
1776 3450 1931 3526 fere
1968 3450 2241 3524 decem.
2345 3446 2494 3521 Pri-

348 3552 738 3641 mumque,
805 3566 890 3625 ut
932 3555 1005 3627 in
1043 3553 1212 3626 foro
1265 3551 1485 3647 solet,
1556 3554 1645 3625 de
1683 3551 1989 3645 persona
2019 3549 2491 3623 calumniatus

352 3646 505 3739 est,
572 3650 979 3725 damnatum
1016 3654 1378 3743 quondam
1417 3673 1532 3728 me
1562 3672 1602 3723 a
1641 3650 2076 3744 SaturninO,
2147 3648 2369 3723 audiri
2406 3661 2495 3720 ut

209 3752 213 3757 ’
354 3746 771 3845 episcopum
822 3772 976 3825 non
1019 3768 1391 3845 oportere.
1491 3750 1674 3827 Non
1725 3747 1829 3824 est
1872 3772 2066 3824 nunc
2097 3747 2492 3840 tempori8‚

298 3850 303 3855 ’
355 3847 531 3943 quid
559 3850 644 3924 ad
676 3851 830 3926 haec
857 3848 1266 3946 responsum
1300 3852 1412 3947 fit,
1466 3871 1837 3926 enarrare:
1890 3848 2004 3922 sed
2037 3850 2154 3938 qui
2192 3861 2342 3917 turn
2368 3865 2499 3915 au·

356 3950 694 4042 diebant,
766 3951 856 4027 de
895 3950 1038 4027 fide
1080 3956 1371 4049 potius,
1446 3966 1529 4025 ut
1562 3954 1710 4048 regi
1743 3954 2155 4043 placuerat,
2228 3960 2501 4040 agitan-

246 4122 253 4127 .
356 4046 531 4126 dum
586 4049 726 4127 esse
766 4054 1188 4128 decernunt.
1294 4052 1623 4145 Cumque
1663 4053 1806 4144 jam
1858 4049 1934 4119 in
1974 4060 2135 4118 arto
2164 4042 2339 4117 effet
2369 4066 2497 4120 ne·

412 4146 573 4222 andi
642 4154 1095 4244 periculum3
1195 4153 1494 4225 credere
1549 4150 1620 4226 se
1673 4147 2081 4223 Auxentius
2136 4142 2500 4221 Christum

356 4168 607 4326 {eum
641 4270 930 4342 verum,
999 4250 1067 4323 δι
1100 4250 1310 4323 unius
1341 4272 1505 4326 cum
1543 4251 1711 4324 Deo
1750 4262 1954 4344 patre
1995 4245 2391 4319 divinitatis
2430 4244 2502 4318 ὅτ.

362 4346 767 4425 substantiae
799 4349 901 4423 est
929 4349 1308 4447 profess‘us.
1411 4350 1687 4425 Placuit
1721 4349 1936 4447 igitur
1971 4347 2115 4421 hoc
2143 4345 2380 4435 scribi,
2428 4343 2503 4417 δι

362 4469 463 4525 ne
502 4450 863 4523 memoriis
901 4450 1367 4541 audientium,
1423 4473 1579 4544 quae
1621 4448 1801 4524 dista
1835 4447 2086 4530 essent,
2136 4446 2504 4520 elaberen-

367 4559 533 4639 tur,
603 4550 959 4624 continuo
1011 4552 1329 4626 libellum
1370 4552 1518 4647 regi
1553 4570 1684 4645 per
1718 4548 2167 4643 Quaestorem
2209 4541 2504 4633 offero,

366 4646 521 4739 quo
557 4649 725 4743 quid
756 4651 1234 4745 convenisset,
1286 4654 1828 4727 continereturz
1879 4648 1948 4721 δι
1983 4667 2073 4719 ne
2111 4642 2280 4734 quid
2309 4661 2509 4714 men·

370 4746 490 4821 tiri
540 4771 837 4845 arguar,
890 4753 1210 4845 eiusdem
1247 4755 1578 4848 exempla
1613 4749 1898 4845 subjeci.
2000 4742 2243 4817 Placet
2271 4742 2508 4814 omni·

326 4841 973 4934 basAuxentium
1008 4854 1177 4935 ἡξει·
1201 4852 1353 4956 ipsa
1387 4848 1726 4955 profiteri
1754 4847 2207 4959 frequenter3
2261 4842 2380 5015 gui
2423 4854 2517 4920 ut

2188 4964 2266 5039 xo
2294 4961 2428 5017 um
