<?xml version="1.0" encoding="UTF-8"?>
<!DOCTYPE html PUBLIC "-//W3C//DTD XHTML 1.0 Transitional//EN"
    "http://www.w3.org/TR/xhtml1/DTD/xhtml1-transitional.dtd">
<html xmlns="http://www.w3.org/1999/xhtml" xml:lang="en" lang="en">
 <head>
  <title>
</title>
<meta http-equiv="Content-Type" content="text/html;charset=utf-8" />
  <meta name='ocr-system' content='tesseract 3.04.00' />
  <meta name='ocr-capabilities' content='ocr_page ocr_carea ocr_par ocr_line ocrx_word'/>
</head>
<body>
  <div class='ocr_page' id='page_1' title='image "./operaomniasanct02librgoog_0218.png"; bbox 0 0 2717 5709; ppageno 0'>
   <div class='ocr_carea' id='block_1_1' title="bbox 159 1036 889 1140">
    <p class='ocr_par' dir='ltr' id='par_1_1' title="bbox 159 1036 889 1140">
     <span class='ocr_line' id='line_1_1' title="bbox 159 1036 889 1140; baseline -0.007 -16"><span class='ocrx_word' id='word_1_1' title='bbox 159 1059 238 1140; x_wconf 62' lang='grc' dir='ltr'>ἰρι</span> <span class='ocrx_word' id='word_1_2' title='bbox 478 1036 536 1136; x_wconf 78' lang='lat' dir='ltr'>¹S.</span> <span class='ocrx_word' id='word_1_3' title='bbox 587 1038 626 1117; x_wconf 88' lang='grc' dir='ltr'><strong>Η</strong></span> <span class='ocrx_word' id='word_1_4' title='bbox 649 1058 810 1137; x_wconf 23' lang='lat' dir='ltr'>run-n</span> <span class='ocrx_word' id='word_1_5' title='bbox 834 1060 889 1119; x_wconf 77' lang='lat' dir='ltr'>rr</span> 
     </span>
    </p>
   </div>
   <div class='ocr_carea' id='block_1_2' title="bbox 163 1200 1243 1417">
    <p class='ocr_par' dir='ltr' id='par_1_2' title="bbox 163 1200 1243 1417">
     <span class='ocr_line' id='line_1_2' title="bbox 163 1200 1242 1304; baseline 0.006 -25"><span class='ocrx_word' id='word_1_6' title='bbox 163 1202 273 1285; x_wconf 78' lang='lat' dir='ltr'>litent</span> <span class='ocrx_word' id='word_1_7' title='bbox 294 1201 446 1301; x_wconf 83' lang='lat' dir='ltr'><strong>gloriam</strong></span> <span class='ocrx_word' id='word_1_8' title='bbox 467 1200 656 1276; x_wconf 82' lang='lat' dir='ltr'>veneritis.</span> <span class='ocrx_word' id='word_1_9' title='bbox 713 1200 844 1304; x_wconf 84' lang='lat' dir='ltr'>Quaeso</span> <span class='ocrx_word' id='word_1_10' title='bbox 867 1202 976 1299; x_wconf 84' lang='lat' dir='ltr'>igitur</span> <span class='ocrx_word' id='word_1_11' title='bbox 1003 1202 1242 1301; x_wconf 74' lang='lat' dir='ltr'>dileilionem</span> 
     </span>
     <span class='ocr_line' id='line_1_3' title="bbox 163 1298 1243 1417; baseline 0.002 -38"><span class='ocrx_word' id='word_1_12' title='bbox 163 1300 345 1393; x_wconf 66' lang='lat' dir='ltr'>uestram,</span> <span class='ocrx_word' id='word_1_13' title='bbox 360 1310 418 1375; x_wconf 90' lang='lat' dir='ltr'>&#39;ut</span> <span class='ocrx_word' id='word_1_14' title='bbox 434 1322 493 1377; x_wconf 87' lang='lat' dir='ltr'>me</span> <span class='ocrx_word' id='word_1_15' title='bbox 521 1298 729 1395; x_wconf 77' lang='lat' dir='ltr'>presentem</span> <span class='ocrx_word' id='word_1_16' title='bbox 756 1304 946 1377; x_wconf 85' lang='lat' dir='ltr'>vobiscum</span> <span class='ocrx_word' id='word_1_17' title='bbox 964 1302 1034 1377; x_wconf 88' lang='lat' dir='ltr'>esse</span> <span class='ocrx_word' id='word_1_18' title='bbox 1052 1308 1203 1381; x_wconf 86' lang='lat' dir='ltr'>credatis</span> <span class='ocrx_word' id='word_1_19' title='bbox 1218 1362 1243 1417; x_wconf 29' lang='grc' dir='ltr'>,ι</span> 
     </span>
    </p>
   </div>
   <div class='ocr_carea' id='block_1_3' title="bbox 163 1394 1250 3991">
    <p class='ocr_par' dir='ltr' id='par_1_3' title="bbox 163 1394 1250 3991">
     <span class='ocr_line' id='line_1_4' title="bbox 164 1394 1235 1503; baseline 0 -24"><span class='ocrx_word' id='word_1_20' title='bbox 164 1394 280 1503; x_wconf 61' lang='lat' dir='ltr'>dique*</span> <span class='ocrx_word' id='word_1_21' title='bbox 301 1412 348 1477; x_wconf 88' lang='lat' dir='ltr'>e&#39;o</span> <span class='ocrx_word' id='word_1_22' title='bbox 362 1415 435 1477; x_wconf 81' lang='lat' dir='ltr'>&#39;me</span> <span class='ocrx_word' id='word_1_23' title='bbox 460 1396 595 1489; x_wconf 75' lang='lat' dir='ltr'>affetlu¹</span> <span class='ocrx_word' id='word_1_24' title='bbox 610 1399 789 1475; x_wconf 81' lang='lat' dir='ltr'>absentem</span> <span class='ocrx_word' id='word_1_25' title='bbox 809 1424 887 1475; x_wconf 92' lang='lat' dir='ltr'>non</span> <span class='ocrx_word' id='word_1_26' title='bbox 905 1400 972 1473; x_wconf 88' lang='lat' dir='ltr'>esse</span> <span class='ocrx_word' id='word_1_27' title='bbox 992 1401 1170 1491; x_wconf 77' lang='lat' dir='ltr'>sentiatis,</span> <span class='ocrx_word' id='word_1_28' title='bbox 1198 1408 1235 1479; x_wconf 80' lang='lat' dir='ltr'>dt</span> 
     </span>
     <span class='ocr_line' id='line_1_5' title="bbox 163 1498 1233 1602; baseline -0.001 -21"><span class='ocrx_word' id='word_1_29' title='bbox 163 1500 377 1598; x_wconf 77' lang='lat' dir='ltr'>intelligatis</span> <span class='ocrx_word' id='word_1_30' title='bbox 395 1500 523 1602; x_wconf 80' lang='lat' dir='ltr'>dolere</span> <span class='ocrx_word' id='word_1_31' title='bbox 537 1498 703 1593; x_wconf 85' lang='lat' dir='ltr'>mesatis,</span> <span class='ocrx_word' id='word_1_32' title='bbox 730 1500 828 1593; x_wconf 90' lang='lat' dir='ltr'>quod</span> <span class='ocrx_word' id='word_1_33' title='bbox 843 1500 904 1577; x_wconf 91' lang='lat' dir='ltr'>sun</span> <span class='ocrx_word' id='word_1_34' title='bbox 919 1502 1059 1577; x_wconf 87' lang='lat' dir='ltr'>interim</span> <span class='ocrx_word' id='word_1_35' title='bbox 1075 1504 1233 1580; x_wconf 83' lang='lat' dir='ltr'>tvestro</span> 
     </span>
     <span class='ocr_line' id='line_1_6' title="bbox 164 1597 1235 1699; baseline 0 -20"><span class='ocrx_word' id='word_1_36' title='bbox 164 1597 584 1695; x_wconf 80' lang='lat' dir='ltr'>consortiodisptratus.</span> <span class='ocrx_word' id='word_1_37' title='bbox 639 1605 822 1699; x_wconf 85' lang='lat' dir='ltr'><strong>Quantam</strong></span> <span class='ocrx_word' id='word_1_38' title='bbox 838 1602 991 1695; x_wconf 86' lang='lat' dir='ltr'>denique</span> <span class='ocrx_word' id='word_1_39' title='bbox 1008 1606 1156 1699; x_wconf 79' lang='lat' dir='ltr'>glorium</span> <span class='ocrx_word' id='word_1_40' title='bbox 1177 1604 1235 1679; x_wconf 86' lang='lat' dir='ltr'>fu·</span> 
     </span>
     <span class='ocr_line' id='line_1_7' title="bbox 165 1696 1233 1805; baseline 0.002 -30"><span class='ocrx_word' id='word_1_41' title='bbox 165 1697 278 1805; x_wconf 56' lang='lat' dir='ltr'>estitit¹</span> <span class='ocrx_word' id='word_1_42' title='bbox 295 1696 501 1792; x_wconf 82' lang='lat' dir='ltr'><strong>consecuti,</strong></span> <span class='ocrx_word' id='word_1_43' title='bbox 526 1700 611 1775; x_wconf 90' lang='lat' dir='ltr'>hinc</span> <span class='ocrx_word' id='word_1_44' title='bbox 626 1703 736 1797; x_wconf 83' lang='lat' dir='ltr'>magis</span> <span class='ocrx_word' id='word_1_45' title='bbox 758 1696 846 1775; x_wconf 87' lang='lat' dir='ltr'>scire</span> <span class='ocrx_word' id='word_1_46' title='bbox 870 1700 1040 1796; x_wconf 82' lang='lat' dir='ltr'>potestis,</span> <span class='ocrx_word' id='word_1_47' title='bbox 1067 1700 1165 1795; x_wconf 87' lang='lat' dir='ltr'>quod</span> <span class='ocrx_word' id='word_1_48' title='bbox 1183 1703 1233 1797; x_wconf 88' lang='lat' dir='ltr'>fi,</span> 
     </span>
     <span class='ocr_line' id='line_1_8' title="bbox 166 1800 1236 1913; baseline 0 -39"><span class='ocrx_word' id='word_1_49' title='bbox 166 1804 231 1913; x_wconf 78' lang='lat' dir='ltr'>qui</span> <span class='ocrx_word' id='word_1_50' title='bbox 249 1800 287 1874; x_wconf 91' lang='lat' dir='ltr'>in</span> <span class='ocrx_word' id='word_1_51' title='bbox 301 1800 554 1895; x_wconf 87' lang='lat' dir='ltr'>persecutione</span> <span class='ocrx_word' id='word_1_52' title='bbox 576 1804 743 1874; x_wconf 89' lang='lat' dir='ltr'>coronati</span> <span class='ocrx_word' id='word_1_53' title='bbox 769 1800 870 1894; x_wconf 91' lang='lat' dir='ltr'>sunt,</span> <span class='ocrx_word' id='word_1_54' title='bbox 903 1800 1009 1875; x_wconf 92' lang='lat' dir='ltr'>solius</span> <span class='ocrx_word' id='word_1_55' title='bbox 1028 1800 1236 1893; x_wconf 89' lang='lat' dir='ltr'>persecuto·</span> 
     </span>
     <span class='ocr_line' id='line_1_9' title="bbox 165 1898 1237 1999; baseline -0.003 -22"><span class='ocrx_word' id='word_1_56' title='bbox 165 1902 219 1990; x_wconf 75' lang='lat' dir='ltr'>ris</span> <span class='ocrx_word' id='word_1_57' title='bbox 238 1914 412 1975; x_wconf 89' lang='lat' dir='ltr'>cruentos</span> <span class='ocrx_word' id='word_1_58' title='bbox 429 1898 716 1999; x_wconf 83' lang='lat' dir='ltr'>gladiotsentire</span> <span class='ocrx_word' id='word_1_59' title='bbox 735 1912 952 1997; x_wconf 87' lang='lat' dir='ltr'>potuerunt:</span> <span class='ocrx_word' id='word_1_60' title='bbox 991 1914 1120 1975; x_wconf 81' lang='lat' dir='ltr'>contra</span> <span class='ocrx_word' id='word_1_61' title='bbox 1139 1922 1237 1996; x_wconf 88' lang='lat' dir='ltr'>vos,</span> 
     </span>
     <span class='ocr_line' id='line_1_10' title="bbox 166 1996 1239 2095; baseline -0.004 -16"><span class='ocrx_word' id='word_1_62' title='bbox 166 1996 301 2079; x_wconf 70' lang='lat' dir='ltr'>dduoti</span> <span class='ocrx_word' id='word_1_63' title='bbox 316 2022 382 2095; x_wconf 90' lang='lat' dir='ltr'>per</span> <span class='ocrx_word' id='word_1_64' title='bbox 397 2000 519 2075; x_wconf 85' lang='lat' dir='ltr'>omnia</span> <span class='ocrx_word' id='word_1_65' title='bbox 536 2000 607 2073; x_wconf 91' lang='lat' dir='ltr'>Dei</span> <span class='ocrx_word' id='word_1_66' title='bbox 621 2000 765 2084; x_wconf 79' lang='lat' dir='ltr'>milites,</span> <span class='ocrx_word' id='word_1_67' title='bbox 791 2002 897 2077; x_wconf 88' lang='lat' dir='ltr'>etiarn</span> <span class='ocrx_word' id='word_1_68' title='bbox 911 1997 1017 2073; x_wconf 86' lang='lat' dir='ltr'>salsos</span> <span class='ocrx_word' id='word_1_69' title='bbox 1030 2000 1158 2083; x_wconf 77' lang='lat' dir='ltr'>iratres</span> <span class='ocrx_word' id='word_1_70' title='bbox 1171 2001 1239 2075; x_wconf 91' lang='lat' dir='ltr'>ini-</span> 
     </span>
     <span class='ocr_line' id='line_1_11' title="bbox 164 2097 1250 2196; baseline -0.007 -13"><span class='ocrx_word' id='word_1_71' title='bbox 164 2102 286 2183; x_wconf 81' lang='lat' dir='ltr'>micos</span> <span class='ocrx_word' id='word_1_72' title='bbox 304 2102 467 2196; x_wconf 82' lang='lat' dir='ltr'>experti,</span> <span class='ocrx_word' id='word_1_73' title='bbox 493 2100 538 2174; x_wconf 93' lang='lat' dir='ltr'>de</span> <span class='ocrx_word' id='word_1_74' title='bbox 553 2097 699 2193; x_wconf 86' lang='lat' dir='ltr'>perfidis</span> <span class='ocrx_word' id='word_1_75' title='bbox 712 2099 898 2175; x_wconf 78' lang='lat' dir='ltr'>viiioriam</span> <span class='ocrx_word' id='word_1_76' title='bbox 913 2100 1123 2193; x_wconf 86' lang='lat' dir='ltr'>pertulistis:</span> <span class='ocrx_word' id='word_1_77' title='bbox 1148 2122 1250 2195; x_wconf 55' lang='lat' dir='ltr'>quo-¹</span> 
     </span>
     <span class='ocr_line' id='line_1_12' title="bbox 165 2199 1242 2297; baseline -0.002 -22"><span class='ocrx_word' id='word_1_78' title='bbox 165 2214 417 2294; x_wconf 65' lang='lat' dir='ltr'>nomenante,</span> <span class='ocrx_word' id='word_1_79' title='bbox 435 2201 479 2283; x_wconf 83' lang='lat' dir='ltr'>in</span> <span class='ocrx_word' id='word_1_80' title='bbox 506 2200 627 2281; x_wconf 89' lang='lat' dir='ltr'>seculo</span> <span class='ocrx_word' id='word_1_81' title='bbox 653 2202 831 2282; x_wconf 89' lang='lat' dir='ltr'>violentia</span> <span class='ocrx_word' id='word_1_82' title='bbox 861 2199 1060 2273; x_wconf 87' lang='lat' dir='ltr'>increscere</span> <span class='ocrx_word' id='word_1_83' title='bbox 1091 2202 1242 2297; x_wconf 86' lang='lat' dir='ltr'>potuit,</span> 
     </span>
     <span class='ocr_line' id='line_1_13' title="bbox 164 2298 1242 2399; baseline -0.003 -22"><span class='ocrx_word' id='word_1_84' title='bbox 164 2312 277 2377; x_wconf 78' lang='lat' dir='ltr'>tanto</span> <span class='ocrx_word' id='word_1_85' title='bbox 300 2298 424 2375; x_wconf 75' lang='lat' dir='ltr'>sanetis</span> <span class='ocrx_word' id='word_1_86' title='bbox 448 2298 695 2373; x_wconf 83' lang='lat' dir='ltr'>sacerdotibus</span> <span class='ocrx_word' id='word_1_87' title='bbox 715 2300 856 2399; x_wconf 75' lang='lat' dir='ltr'>premit</span> <span class='ocrx_word' id='word_1_88' title='bbox 874 2298 986 2373; x_wconf 85' lang='lat' dir='ltr'>laudis</span> <span class='ocrx_word' id='word_1_89' title='bbox 1002 2302 1242 2374; x_wconf 91' lang='lat' dir='ltr'>inveniuntur</span> 
     </span>
     <span class='ocr_line' id='line_1_14' title="bbox 166 2396 1244 2495; baseline -0.005 -16"><span class='ocrx_word' id='word_1_90' title='bbox 166 2400 354 2479; x_wconf 83' lang='lat' dir='ltr'>conferre.</span> <span class='ocrx_word' id='word_1_91' title='bbox 412 2396 543 2475; x_wconf 77' lang='lat' dir='ltr'>Estote</span> <span class='ocrx_word' id='word_1_92' title='bbox 556 2402 688 2495; x_wconf 78' lang='lat' dir='ltr'>’itaque</span> <span class='ocrx_word' id='word_1_93' title='bbox 718 2401 761 2475; x_wconf 86' lang='lat' dir='ltr'>de</span> <span class='ocrx_word' id='word_1_94' title='bbox 780 2398 1013 2495; x_wconf 83' lang='lat' dir='ltr'>promissione</span> <span class='ocrx_word' id='word_1_95' title='bbox 1033 2399 1166 2474; x_wconf 88' lang='lat' dir='ltr'>eoelesti</span> <span class='ocrx_word' id='word_1_96' title='bbox 1189 2396 1244 2475; x_wconf 89' lang='lat' dir='ltr'>se·</span> 
     </span>
     <span class='ocr_line' id='line_1_15' title="bbox 165 2520 1247 2696; baseline 0.004 -23"><span class='ocrx_word' id='word_1_97' title='bbox 165 2520 304 2674; x_wconf 39' lang='grc' dir='ltr'>μέ.</span> <span class='ocrx_word' id='word_1_98' title='bbox 325 2584 382 2672; x_wconf 70' lang='lat' dir='ltr'>lit&#39;</span> <span class='ocrx_word' id='word_1_99' title='bbox 393 2600 478 2693; x_wconf 81' lang='lat' dir='ltr'>quia</span> <span class='ocrx_word' id='word_1_100' title='bbox 491 2600 736 2696; x_wconf 76' lang='lat' dir='ltr'>proximiores</span> <span class='ocrx_word' id='word_1_101' title='bbox 754 2600 833 2687; x_wconf 59' lang='lat' dir='ltr'>etis</span> <span class='ocrx_word' id='word_1_102' title='bbox 846 2594 932 2670; x_wconf 86' lang='lat' dir='ltr'>Deo</span> <span class='ocrx_word' id='word_1_103' title='bbox 952 2598 1084 2688; x_wconf 74' lang='lat' dir='ltr'>effeffl,</span> <span class='ocrx_word' id='word_1_104' title='bbox 1111 2556 1247 2673; x_wconf 28' lang='lat' dir='ltr'>vestris·</span> 
     </span>
     <span class='ocr_line' id='line_1_16' title="bbox 166 2696 1245 2783; baseline -0.008 -6"><span class='ocrx_word' id='word_1_105' title='bbox 166 2699 472 2777; x_wconf 68' lang='lat' dir='ltr'>emtionibus-ne</span> <span class='ocrx_word' id='word_1_106' title='bbox 493 2699 650 2773; x_wconf 87' lang='lat' dir='ltr'>vestrum</span> <span class='ocrx_word' id='word_1_107' title='bbox 669 2696 966 2783; x_wconf 59' lang='lat' dir='ltr'>consocerdotem</span> <span class='ocrx_word' id='word_1_108' title='bbox 980 2696 1150 2771; x_wconf 82' lang='lat' dir='ltr'>samolum</span> <span class='ocrx_word' id='word_1_109' title='bbox 1168 2696 1245 2769; x_wconf 90' lang='lat' dir='ltr'>Dei</span> 
     </span>
     <span class='ocr_line' id='line_1_17' title="bbox 165 2794 1240 2889; baseline -0.011 -12"><span class='ocrx_word' id='word_1_110' title='bbox 165 2798 432 2877; x_wconf 67' lang='lat' dir='ltr'>ndvontinum</span> <span class='ocrx_word' id='word_1_111' title='bbox 448 2798 654 2873; x_wconf 85' lang='lat' dir='ltr'>sublevate:</span> <span class='ocrx_word' id='word_1_112' title='bbox 686 2812 728 2871; x_wconf 89' lang='lat' dir='ltr'>ut</span> <span class='ocrx_word' id='word_1_113' title='bbox 743 2794 1038 2889; x_wconf 84' lang='lat' dir='ltr'>supervenientes</span> <span class='ocrx_word' id='word_1_114' title='bbox 1060 2799 1240 2887; x_wconf 85' lang='lat' dir='ltr'>impetus,</span> 
     </span>
     <span class='ocr_line' id='line_1_18' title="bbox 167 2896 1241 2995; baseline -0.007 -22"><span class='ocrx_word' id='word_1_115' title='bbox 167 2900 232 2995; x_wconf 84' lang='lat' dir='ltr'>qui</span> <span class='ocrx_word' id='word_1_116' title='bbox 249 2900 294 2972; x_wconf 90' lang='lat' dir='ltr'>de</span> <span class='ocrx_word' id='word_1_117' title='bbox 309 2900 367 2971; x_wconf 93' lang='lat' dir='ltr'>die</span> <span class='ocrx_word' id='word_1_118' title='bbox 384 2900 419 2971; x_wconf 91' lang='lat' dir='ltr'>in</span> <span class='ocrx_word' id='word_1_119' title='bbox 436 2901 550 2983; x_wconf 72' lang='lat' dir='ltr'>diem,</span> <span class='ocrx_word' id='word_1_120' title='bbox 578 2920 657 2970; x_wconf 89' lang='lat' dir='ltr'>curn</span> <span class='ocrx_word' id='word_1_121' title='bbox 673 2898 947 2986; x_wconf 80' lang='lat' dir='ltr'>annuntiantur,</span> <span class='ocrx_word' id='word_1_122' title='bbox 973 2896 1140 2993; x_wconf 84' lang='lat' dir='ltr'>graviora</span> <span class='ocrx_word' id='word_1_123' title='bbox 1158 2896 1241 2966; x_wconf 90' lang='lat' dir='ltr'>vul·</span> 
     </span>
     <span class='ocr_line' id='line_1_19' title="bbox 164 2994 1242 3097; baseline -0.01 -20"><span class='ocrx_word' id='word_1_124' title='bbox 164 2998 460 3097; x_wconf 77' lang='lat' dir='ltr'>nerainfligunt,</span> <span class='ocrx_word' id='word_1_125' title='bbox 486 2998 726 3090; x_wconf 77' lang='lat' dir='ltr'>tolerabiliter</span> <span class='ocrx_word' id='word_1_126' title='bbox 741 2997 837 3069; x_wconf 87' lang='lat' dir='ltr'>serre</span> <span class='ocrx_word' id='word_1_127' title='bbox 855 2997 994 3090; x_wconf 79' lang='lat' dir='ltr'>possim3</span> <span class='ocrx_word' id='word_1_128' title='bbox 1029 3010 1069 3066; x_wconf 91' lang='lat' dir='ltr'>ut</span> <span class='ocrx_word' id='word_1_129' title='bbox 1085 2994 1242 3067; x_wconf 86' lang='lat' dir='ltr'>inviola-</span> 
     </span>
     <span class='ocr_line' id='line_1_20' title="bbox 165 3093 1242 3191; baseline -0.006 -16"><span class='ocrx_word' id='word_1_130' title='bbox 165 3093 344 3191; x_wconf 65' lang='grc' dir='ltr'>ίαῖᾖάε,</span> <span class='ocrx_word' id='word_1_131' title='bbox 389 3096 492 3171; x_wconf 85' lang='lat' dir='ltr'>salvo</span> <span class='ocrx_word' id='word_1_132' title='bbox 525 3094 616 3171; x_wconf 82' lang='lat' dir='ltr'>statu</span> <span class='ocrx_word' id='word_1_133' title='bbox 653 3094 821 3169; x_wconf 87' lang='lat' dir='ltr'>Ecclesrae</span> <span class='ocrx_word' id='word_1_134' title='bbox 848 3097 1062 3185; x_wconf 78' lang='lat' dir='ltr'>catholice,</span> <span class='ocrx_word' id='word_1_135' title='bbox 1118 3116 1242 3189; x_wconf 89' lang='lat' dir='ltr'>parem</span> 
     </span>
     <span class='ocr_line' id='line_1_21' title="bbox 165 3190 1243 3297; baseline -0.006 -26"><span class='ocrx_word' id='word_1_136' title='bbox 165 3190 281 3273; x_wconf 62' lang='lat' dir='ltr'>uellit</span> <span class='ocrx_word' id='word_1_137' title='bbox 303 3196 468 3297; x_wconf 78' lang='lat' dir='ltr'>dignetur</span> <span class='ocrx_word' id='word_1_138' title='bbox 482 3219 540 3273; x_wconf 91' lang='lat' dir='ltr'>me</span> <span class='ocrx_word' id='word_1_139' title='bbox 557 3196 737 3269; x_wconf 88' lang='lat' dir='ltr'>Dominus</span> <span class='ocrx_word' id='word_1_140' title='bbox 752 3194 904 3271; x_wconf 86' lang='lat' dir='ltr'>efficere.</span> <span class='ocrx_word' id='word_1_141' title='bbox 956 3193 1004 3265; x_wconf 83' lang='lat' dir='ltr'>Et</span> <span class='ocrx_word' id='word_1_142' title='bbox 1020 3196 1101 3286; x_wconf 89' lang='lat' dir='ltr'>quia</span> <span class='ocrx_word' id='word_1_143' title='bbox 1116 3196 1243 3286; x_wconf 86' lang='lat' dir='ltr'>cupio,</span> 
     </span>
     <span class='ocr_line' id='line_1_22' title="bbox 167 3291 1241 3395; baseline -0.004 -24"><span class='ocrx_word' id='word_1_144' title='bbox 167 3298 250 3395; x_wconf 70' lang='lat' dir='ltr'>«jue</span> <span class='ocrx_word' id='word_1_145' title='bbox 274 3298 370 3395; x_wconf 77' lang='lat' dir='ltr'>gesta</span> <span class='ocrx_word' id='word_1_146' title='bbox 397 3294 497 3389; x_wconf 85' lang='lat' dir='ltr'>sunt,</span> <span class='ocrx_word' id='word_1_147' title='bbox 535 3298 572 3369; x_wconf 94' lang='lat' dir='ltr'>in</span> <span class='ocrx_word' id='word_1_148' title='bbox 595 3295 666 3389; x_wconf 87' lang='lat' dir='ltr'>ipsa</span> <span class='ocrx_word' id='word_1_149' title='bbox 690 3297 936 3393; x_wconf 78' lang='lat' dir='ltr'>congresione</span> <span class='ocrx_word' id='word_1_150' title='bbox 960 3291 1101 3368; x_wconf 85' lang='lat' dir='ltr'>fidelius</span> <span class='ocrx_word' id='word_1_151' title='bbox 1129 3294 1241 3382; x_wconf 80' lang='lat' dir='ltr'>scire3</span> 
     </span>
     <span class='ocr_line' id='line_1_23' title="bbox 167 3393 1242 3489; baseline -0.005 -17"><span class='ocrx_word' id='word_1_152' title='bbox 167 3395 328 3473; x_wconf 74' lang='lat' dir='ltr'>obsecro</span> <span class='ocrx_word' id='word_1_153' title='bbox 346 3393 563 3470; x_wconf 68' lang='lat' dir='ltr'>sanctitatem</span> <span class='ocrx_word' id='word_1_154' title='bbox 581 3394 750 3489; x_wconf 87' lang='lat' dir='ltr'>vestram,</span> <span class='ocrx_word' id='word_1_155' title='bbox 776 3412 816 3469; x_wconf 91' lang='lat' dir='ltr'>ut</span> <span class='ocrx_word' id='word_1_156' title='bbox 834 3393 997 3469; x_wconf 85' lang='lat' dir='ltr'>uniuersa</span> <span class='ocrx_word' id='word_1_157' title='bbox 1019 3394 1171 3469; x_wconf 82' lang='lat' dir='ltr'>fideliter</span> <span class='ocrx_word' id='word_1_158' title='bbox 1184 3397 1242 3467; x_wconf 90' lang='lat' dir='ltr'>lit·</span> 
     </span>
     <span class='ocr_line' id='line_1_24' title="bbox 167 3495 1242 3591; baseline -0.009 -18"><span class='ocrx_word' id='word_1_159' title='bbox 167 3498 259 3573; x_wconf 84' lang='lat' dir='ltr'>t&#39;eris</span> <span class='ocrx_word' id='word_1_160' title='bbox 283 3496 448 3569; x_wconf 86' lang='lat' dir='ltr'>intimare</span> <span class='ocrx_word' id='word_1_161' title='bbox 466 3496 675 3591; x_wconf 85' lang='lat' dir='ltr'>dignemini:</span> <span class='ocrx_word' id='word_1_162' title='bbox 703 3514 744 3569; x_wconf 87' lang='lat' dir='ltr'>ut</span> <span class='ocrx_word' id='word_1_163' title='bbox 765 3497 1041 3571; x_wconf 85' lang='lat' dir='ltr'>additamentum</span> <span class='ocrx_word' id='word_1_164' title='bbox 1057 3498 1166 3587; x_wconf 88' lang='lat' dir='ltr'>majus</span> <span class='ocrx_word' id='word_1_165' title='bbox 1181 3495 1242 3564; x_wconf 86' lang='lat' dir='ltr'>vel</span> 
     </span>
     <span class='ocr_line' id='line_1_25' title="bbox 166 3593 1240 3693; baseline -0.009 -21"><span class='ocrx_word' id='word_1_166' title='bbox 166 3594 246 3693; x_wconf 70' lang='lat' dir='ltr'>ipse</span> <span class='ocrx_word' id='word_1_167' title='bbox 268 3595 429 3689; x_wconf 88' lang='lat' dir='ltr'>animus,</span> <span class='ocrx_word' id='word_1_168' title='bbox 467 3596 527 3689; x_wconf 88' lang='lat' dir='ltr'>qui</span> <span class='ocrx_word' id='word_1_169' title='bbox 548 3596 696 3669; x_wconf 77' lang='lat' dir='ltr'>diversis</span> <span class='ocrx_word' id='word_1_170' title='bbox 713 3597 1139 3686; x_wconf 79' lang='lat' dir='ltr'>rumoribus‘cruciatur‚</span> <span class='ocrx_word' id='word_1_171' title='bbox 1177 3593 1240 3662; x_wconf 89' lang='lat' dir='ltr'>vel</span> 
     </span>
     <span class='ocr_line' id='line_1_26' title="bbox 167 3689 1243 3793; baseline -0.005 -26"><span class='ocrx_word' id='word_1_172' title='bbox 167 3698 270 3793; x_wconf 75' lang='lat' dir='ltr'>uires</span> <span class='ocrx_word' id='word_1_173' title='bbox 295 3696 464 3793; x_wconf 75' lang='lat' dir='ltr'>corporis</span> <span class='ocrx_word' id='word_1_174' title='bbox 488 3696 612 3791; x_wconf 75' lang='lat' dir='ltr'>ipsius,</span> <span class='ocrx_word' id='word_1_175' title='bbox 650 3718 726 3788; x_wconf 85' lang='lat' dir='ltr'>quae</span> <span class='ocrx_word' id='word_1_176' title='bbox 744 3698 814 3790; x_wconf 87' lang='lat' dir='ltr'>jam</span> <span class='ocrx_word' id='word_1_177' title='bbox 835 3710 1036 3769; x_wconf 75' lang='lat' dir='ltr'>extenuate</span> <span class='ocrx_word' id='word_1_178' title='bbox 1058 3691 1157 3778; x_wconf 86' lang='lat' dir='ltr'>sunt;</span> <span class='ocrx_word' id='word_1_179' title='bbox 1195 3689 1243 3762; x_wconf 87' lang='lat' dir='ltr'>de</span> 
     </span>
     <span class='ocr_line' id='line_1_27' title="bbox 168 3788 1242 3889; baseline -0.003 -18"><span class='ocrx_word' id='word_1_180' title='bbox 168 3794 858 3889; x_wconf 79' lang='lat' dir='ltr'>cohortationevestrapoffintsentire:</span> <span class='ocrx_word' id='word_1_181' title='bbox 887 3796 1119 3885; x_wconf 71' lang='lat' dir='ltr'>daromam,</span> <span class='ocrx_word' id='word_1_182' title='bbox 1139 3788 1242 3863; x_wconf 83' lang='lat' dir='ltr'>Deus</span> 
     </span>
     <span class='ocr_line' id='line_1_28' title="bbox 166 3892 1035 3991; baseline -0.006 -22"><span class='ocrx_word' id='word_1_183' title='bbox 166 3892 244 3969; x_wconf 81' lang='lat' dir='ltr'>rios</span> <span class='ocrx_word' id='word_1_184' title='bbox 259 3898 460 3970; x_wconf 84' lang='lat' dir='ltr'>incolumes</span> <span class='ocrx_word' id='word_1_185' title='bbox 485 3897 683 3989; x_wconf 85' lang='lat' dir='ltr'>custodiat,</span> <span class='ocrx_word' id='word_1_186' title='bbox 709 3895 861 3971; x_wconf 88' lang='lat' dir='ltr'>Domini</span> <span class='ocrx_word' id='word_1_187' title='bbox 882 3895 1035 3991; x_wconf 84' lang='lat' dir='ltr'>Fratres.</span> 
     </span>
    </p>
   </div>
   <div class='ocr_carea' id='block_1_4' title="bbox 166 4004 1251 4351">
    <p class='ocr_par' dir='ltr' id='par_1_4' title="bbox 166 4004 1251 4351">
     <span class='ocr_line' id='line_1_29' title="bbox 205 4004 1210 4154; baseline -0.008 -23"><span class='ocrx_word' id='word_1_188' title='bbox 205 4052 355 4131; x_wconf 77' lang='lat' dir='ltr'>trum</span> <span class='ocrx_word' id='word_1_189' title='bbox 379 4056 651 4130; x_wconf 76' lang='lat' dir='ltr'>eruturus</span> <span class='ocrx_word' id='word_1_190' title='bbox 676 4004 1044 4154; x_wconf 70' lang='lat' dir='ltr'>nure&#39;ounru</span> <span class='ocrx_word' id='word_1_191' title='bbox 1070 4048 1210 4125; x_wconf 75' lang='lat' dir='ltr'>ruer</span> 
     </span>
     <span class='ocr_line' id='line_1_30' title="bbox 166 4152 1251 4251; baseline -0.007 -19"><span class='ocrx_word' id='word_1_192' title='bbox 166 4160 209 4245; x_wconf 79' lang='lat' dir='ltr'>in</span> <span class='ocrx_word' id='word_1_193' title='bbox 225 4156 387 4249; x_wconf 82' lang='lat' dir='ltr'>exilium,</span> <span class='ocrx_word' id='word_1_194' title='bbox 413 4156 459 4229; x_wconf 90' lang='lat' dir='ltr'>de</span> <span class='ocrx_word' id='word_1_195' title='bbox 478 4160 678 4231; x_wconf 83' lang='lat' dir='ltr'>Vincento</span> <span class='ocrx_word' id='word_1_196' title='bbox 693 4156 863 4251; x_wconf 82' lang='lat' dir='ltr'>Capuensr</span> <span class='ocrx_word' id='word_1_197' title='bbox 878 4154 919 4225; x_wconf 84' lang='lat' dir='ltr'>ud</span> <span class='ocrx_word' id='word_1_198' title='bbox 932 4152 1160 4230; x_wconf 79' lang='lat' dir='ltr'>cecilianum</span> <span class='ocrx_word' id='word_1_199' title='bbox 1174 4152 1251 4245; x_wconf 90' lang='lat' dir='ltr'>epi·</span> 
     </span>
     <span class='ocr_line' id='line_1_31' title="bbox 206 4253 989 4351; baseline -0.005 -21"><span class='ocrx_word' id='word_1_200' title='bbox 206 4259 225 4269; x_wconf 90' lang='lat'>&#39;&#39;</span> <span class='ocrx_word' id='word_1_201' title='bbox 417 4253 567 4349; x_wconf 87' lang='lat' dir='ltr'>scopum</span> <span class='ocrx_word' id='word_1_202' title='bbox 589 4258 817 4351; x_wconf 86' lang='lat' dir='ltr'>Spoletinum</span> <span class='ocrx_word' id='word_1_203' title='bbox 842 4254 989 4349; x_wconf 77' lang='lat' dir='ltr'>scripsit,</span> 
     </span>
    </p>
   </div>
   <div class='ocr_carea' id='block_1_5' title="bbox 168 4361 1248 4695">
    <p class='ocr_par' dir='ltr' id='par_1_5' title="bbox 168 4361 1248 4695">
     <span class='ocr_line' id='line_1_32' title="bbox 192 4361 1245 4491; baseline -0.016 -16"><span class='ocrx_word' id='word_1_204' title='bbox 192 4411 197 4422; x_wconf 92' lang='grc'><em>“</em></span> <span class='ocrx_word' id='word_1_205' title='bbox 255 4418 307 4491; x_wconf 68' lang='lat'>13.</span> <span class='ocrx_word' id='word_1_206' title='bbox 324 4361 440 4471; x_wconf 78' lang='lat' dir='ltr'>‘Nolo</span> <span class='ocrx_word' id='word_1_207' title='bbox 468 4409 506 4471; x_wconf 92' lang='lat' dir='ltr'>te</span> <span class='ocrx_word' id='word_1_208' title='bbox 532 4396 662 4472; x_wconf 74' lang='lat' dir='ltr'>fadum</span> <span class='ocrx_word' id='word_1_209' title='bbox 689 4398 878 4471; x_wconf 90' lang='lat' dir='ltr'>Vincentii</span> <span class='ocrx_word' id='word_1_210' title='bbox 911 4398 956 4473; x_wconf 85' lang='lat' dir='ltr'>ab</span> <span class='ocrx_word' id='word_1_211' title='bbox 985 4399 1127 4472; x_wconf 88' lang='lat' dir='ltr'>intentu</span> <span class='ocrx_word' id='word_1_212' title='bbox 1153 4388 1245 4462; x_wconf 93' lang='lat' dir='ltr'>boni</span> 
     </span>
     <span class='ocr_line' id='line_1_33' title="bbox 168 4486 1248 4593; baseline -0.017 -20"><span class='ocrx_word' id='word_1_213' title='bbox 168 4496 294 4593; x_wconf 81' lang='lat' dir='ltr'>operis</span> <span class='ocrx_word' id='word_1_214' title='bbox 322 4511 500 4581; x_wconf 88' lang='lat' dir='ltr'>revocet,</span> <span class='ocrx_word' id='word_1_215' title='bbox 538 4496 663 4572; x_wconf 79' lang='lat' dir='ltr'>Frater</span> <span class='ocrx_word' id='word_1_216' title='bbox 686 4498 897 4574; x_wconf 74' lang='lat' dir='ltr'>&#39;chariffime</span> <span class='ocrx_word' id='word_1_217' title='bbox 953 4498 1000 4570; x_wconf 84' lang='lat' dir='ltr'>Er</span> <span class='ocrx_word' id='word_1_218' title='bbox 1023 4498 1062 4565; x_wconf 83' lang='lat' dir='ltr'>ad</span> <span class='ocrx_word' id='word_1_219' title='bbox 1082 4486 1196 4585; x_wconf 84' lang='lat' dir='ltr'>Offium</span> <span class='ocrx_word' id='word_1_220' title='bbox 1212 4489 1248 4558; x_wconf 71' lang='lat' dir='ltr'>de</span> 
     </span>
     <span class='ocr_line' id='line_1_34' title="bbox 173 4588 1247 4695; baseline -0.009 -27"><span class='ocrx_word' id='word_1_221' title='bbox 173 4594 349 4681; x_wconf 80' lang='lat' dir='ltr'>therrtir&#39;</span> <span class='ocrx_word' id='word_1_222' title='bbox 373 4602 472 4671; x_wconf 80' lang='lat' dir='ltr'>ruine</span> <span class='ocrx_word' id='word_1_223' title='bbox 485 4599 532 4695; x_wconf 77' lang='lat' dir='ltr'>fic</span> <span class='ocrx_word' id='word_1_224' title='bbox 562 4601 657 4671; x_wconf 78' lang='lat' dir='ltr'>licit:</span> <span class='ocrx_word' id='word_1_225' title='bbox 696 4596 857 4672; x_wconf 76' lang='lat' dir='ltr'><strong>INTER</strong></span> <span class='ocrx_word' id='word_1_226' title='bbox 879 4599 954 4670; x_wconf 83' lang='lat' dir='ltr'>haec</span> <span class='ocrx_word' id='word_1_227' title='bbox 976 4597 1058 4686; x_wconf 83' lang='lat' dir='ltr'>quia</span> <span class='ocrx_word' id='word_1_228' title='bbox 1084 4595 1119 4663; x_wconf 85' lang='lat' dir='ltr'>in</span> <span class='ocrx_word' id='word_1_229' title='bbox 1142 4588 1247 4663; x_wconf 86' lang='lat' dir='ltr'>nulio</span> 
     </span>
    </p>
   </div>
   <div class='ocr_carea' id='block_1_6' title="bbox 159 4692 1259 4869">
    <p class='ocr_par' dir='ltr' id='par_1_6' title="bbox 159 4692 1259 4869">
     <span class='ocr_line' id='line_1_35' title="bbox 159 4692 1259 4869; baseline -0.004 -97"><span class='ocrx_word' id='word_1_230' title='bbox 159 4694 427 4782; x_wconf 72' lang='lat' dir='ltr'>conscientiam</span> <span class='ocrx_word' id='word_1_231' title='bbox 476 4711 574 4783; x_wconf 80' lang='lat' dir='ltr'>turm</span> <span class='ocrx_word' id='word_1_232' title='bbox 620 4698 741 4779; x_wconf 86' lang='lat' dir='ltr'>debeo</span> <span class='ocrx_word' id='word_1_233' title='bbox 780 4697 992 4800; x_wconf 78' lang='lat' dir='ltr'>preterire,</span> <span class='ocrx_word' id='word_1_234' title='bbox 1048 4692 1178 4869; x_wconf 40' lang='lat' dir='ltr'>moltaiu</span> <span class='ocrx_word' id='word_1_235' title='bbox 1200 4702 1259 4768; x_wconf 71' lang='lat' dir='ltr'>ex·</span> 
     </span>
     <span class='ocr_line' id='line_1_36' title="bbox 1176 4812 1200 4866; baseline 0 0"><span class='ocrx_word' id='word_1_236' title='bbox 1176 4812 1200 4866; x_wconf 78' lang='lat' dir='ltr'>a</span> 
     </span>
    </p>
   </div>
   <div class='ocr_carea' id='block_1_7' title="bbox 0 0 1373 5709">
    <p class='ocr_par' dir='ltr' id='par_1_7' title="bbox 0 0 1373 5709">
     <span class='ocr_line' id='line_1_37' title="bbox 0 0 1373 5709; baseline 0 0"><span class='ocrx_word' id='word_1_237' title='bbox 0 0 1373 5709; x_wconf 95' lang='lat' dir='ltr'> </span> 
     </span>
    </p>
   </div>
  </div>
 </body>
</html>
