2717 5709
218 778 507 904 Telemus
530 842 581 897 rra
606 817 781 895 vall
808 816 1044 897 Parentum.
1093 844 1168 944 qr?

110 1047 116 1057 .
178 1008 257 1083 ῃ.
281 983 426 1059 Deinde
440 984 476 1057 id
489 981 602 1077 ipsum
613 980 763 1075 sequens
778 981 892 1057 sermo
910 980 1089 1079 designat,
1116 982 1167 1057 di-

96 1110 204 1166 cens:
239 1086 410 1158 Mirabile}
435 1088 525 1157 Deus
542 1088 585 1168 ,ἐκ
610 1082 744 1156 Santst's
765 1083 847 1171 suis,
885 1084 935 1173 ,ln
961 1084 1011 1155 eis
1028 1081 1164 1159 scilicet

95 1188 291 1280 mirabilis,
312 1200 404 1277 quoa
417 1181 454 1257 in
468 1186 554 1257 vitae
567 1176 861 1257 resurretionem
880 1183 1051 1255 excitabit
1062 1197 1164 1256 aeter·

94 1312 178 1363 nos.
229 1284 407 1359 Mirabilie
425 1299 543 1357 autem
560 1280 625 1376 est,
651 1302 733 1355 cum
752 1303 896 1357 omnem
911 1278 1163 1357 beneficentiae

93 1388 162 1463 suae
177 1388 213 1461 in
234 1406 299 1459 eor
315 1382 482 1457 conseret
495 1384 743 1476 voluntatem,
770 1402 851 1457 cum
866 1379 961 1475 ipsos
975 1383 1068 1454 intra
1084 1404 1164 1474 per·

92 1488 290 1563 fertionem
307 1480 455 1560 celestis
467 1484 591 1579 gloriae
604 1484 819 1555 collocabitt
844 1481 945 1555 sicuti
962 1480 1005 1553 ad
1020 1481 1161 1559 Patrem

90 1609 163 1682 pro
179 1587 234 1658 his
250 1596 418 1678 precatus
440 1582 511 1676 est,
545 1583 685 1657 dicens:
719 1580 845 1671 Petet,
878 1583 992 1663 volo,
1017 1597 1076 1668 ut,
1096 1580 1162 1657 ubl

92 1706 164 1781 ego
180 1683 268 1777 sum,
289 1668 629 1771 &himecumstnts
644 1680 818 1755 velillud:
844 1675 899 1753 Ut
913 1701 1039 1755 omnes
1051 1702 1162 1758 unum

91 1786 177 1877 sint,
203 1803 273 1880 ego
288 1783 423 1877 inillis,
450 1782 590 1857 &tuin
607 1802 676 1856 me.
727 1780 904 1855 Mirabilis
922 1802 1008 1879 ergo
1024 1782 1061 1854 in
1076 1778 1162 1855 San·
1218 1854 1226 1861 ,

91 1886 157 1958 tiis
180 1882 281 1957 Deus
303 1880 377 1965 est,
413 1902 505 1973 quos
530 1901 612 1955 cum
632 1878 843 1955 conformes
859 1880 1162 1981 glotiaeeorporia

89 1981 143 2058 sui
163 1983 314 2073 feeerit,
341 2001 405 2075 per
420 1981 474 2071 se,
501 1982 562 2074 qui
578 1981 756 2056 mediator
772 1978 845 2072 est,
871 1982 976 2055 etiam
993 1985 1029 2054 in
1045 1982 1161 2060 unita-

89 2098 167 2157 tem
188 2097 344 2179 pateroae
359 2078 548 2175 majestatis
565 2078 733 2169 attamen
757 2078 889 2153 dum&
906 2084 941 2153 in
964 2101 1010 2155 eo
1028 2101 1162 2175 perna·

89 2199 210 2257 turam
231 2180 335 2255 Patet
351 2178 425 2276 est,
453 2181 564 2273 &ille
584 2178 720 2255 rursum
738 2200 802 2273 per
822 2176 1030 2255 societatem
1046 2180 1161 2253 carnis

62 2321 63 2326 Ν
88 2284 130 2356 in
154 2280 261 2355 nobis
289 2276 358 2355 esta
396 2300 489 2372 quos
513 2279 550 2353 in
567 2300 716 2377 regnum
736 2294 969 2373 praeparatum
990 2278 1057 2353 illis
1075 2292 1162 2355 ante

61 2525 64 2622 l

90 2378 393 2455 constitutionem
410 2379 534 2455 mundi
553 2380 790 2455 obtinendum
806 2380 1005 2471 locaverit,
1032 2380 1162 2471 quibus
1302 2454 1303 2465 q

85 2479 259 2554 absorbta
282 2494 403 2555 morte
423 2480 662 2556 immortalem
689 2480 800 2555 vitam
819 2492 1059 2573 aeternamque
1080 2478 1161 2553 ted-

87 2576 235 2655 diderit.
286 2576 377 2652 Non
388 2576 482 2653 enim
496 2578 568 2671 jnm
582 2578 814 2653 incrementis
830 2599 1041 2673 corporum,
1069 2577 1163 2653 esca·

84 2698 240 2770 utrmque
265 2670 463 2772 alimentis,
495 2674 812 2773 infirmitatumque
838 2678 971 2777 casibus¹
994 2677 1162 2752 vitaehu·
1211 2742 1214 2760 ,

83 2772 204 2855 manae
222 2776 421 2851 demutatio
442 2776 617 2871 laborque
641 2778 875 2853 tolerabitur:
901 2776 960 2853 sed
981 2780 1162 2853 eternitas

85 2875 249 2969 tundit,
283 2898 360 2969 quae
384 2892 519 2952 naturae
546 2878 612 2952 suto
632 2882 771 2955 virtute
794 2878 865 2971 ipsa
892 2876 927 2954 se
946 2883 1161 2973 continens,

82 2976 123 3051 id
149 2972 221 3067 est,
256 2995 334 3067 quae
357 2972 513 3069 seipsam
531 2978 601 3050 alat
620 2978 905 3069 conservetque,
945 2979 1160 3052 donabitur:

84 3076 252 3165 certique
268 3094 394 3147 omnes
406 3073 487 3147 fore
496 3072 530 3147 se
538 3072 789 3169 sempiternos,
815 3076 914 3164 quod
928 3097 1002 3149 non
1017 3076 1161 3152 aliunde

79 3176 180 3267 jam,
207 3169 332 3266 idest,
357 3191 432 3246 non
451 3172 671 3249 extrinsecus
691 3176 947 3249 contineantur
963 3176 1005 3250 ad
1023 3177 1160 3269 vitam,

83 3269 148 3348 sed
168 3291 212 3344 ex
233 3270 339 3365 Deo,
372 3292 437 3368 per
454 3292 557 3364 quem
574 3272 853 3361 resurrexerint,
887 3274 1159 3353 &immortales

82 3384 270 3453 maneant,
297 3371 482 3446 &aterni
534 3366 584 3445 Et
597 3373 681 3449 ideo
700 3376 775 3449 hac
792 3374 953 3451 humana
966 3372 1037 3471 spei
1050 3373 1161 3451 sacra·

79 3484 209 3549 menta
235 3470 297 3544 tali
324 3468 555 3546 confesionis
571 3470 642 3547 fide
660 3473 843 3569 Propheta
860 3476 1056 3551 conclufita
1085 3480 1160 3551 Mi·

84 3573 199 3647 vallils
222 3574 309 3642 Deus
325 3574 364 3642 a'n
382 3569 515 3645 Sanssis
525 3574 614 3663 fitis,
652 3578 743 3648 Deus
762 3568 858 3663 Israel
872 3575 932 3673 ipsa
948 3574 1033 3648 talla
1046 3581 1161 3649 vittar-

83 3690 151 3745 aem
168 3668 207 3747 (5
212 3670 449 3765 fortitudinem
463 3670 545 3769 plebi
556 3678 638 3764 luae',
674 3670 850 3745 bmadiiius
874 3676 962 3747 Dans
981 3674 1031 3760 eli.
1084 3674 1159 3751 Dat

82 3775 211 3859 itaque
236 3772 411 3847 virtutem
436 3770 537 3865 ‘plebi
561 3774 648 3867 sure,
689 3772 722 3848 dr
752 3772 1002 3851 fortitudinem
1027 3774 1157 3869 Deus,

84 3889 169 3961 quae
187 3869 398 3961 immortalis
414 3868 542 3947 effesta
562 3875 655 3949 intra
678 3873 790 3949 vitam
806 3872 1051 3969 virtutemque
1070 3896 1159 3949 corr-

80 3975 269 4061 tineatur,
300 3967 564 4065 dispoliatoque
592 3994 751 4068 corpore
778 3968 1007 4069 superinduta
1028 3974 1159 4050 sitito-

79 4086 182 4147 nore
206 4064 356 4142 eoelesti:
381 4064 429 4143 ot'
441 4070 541 4146 omni
566 4074 852 4171 corruptione&
872 4068 1079 4151 infirmitate
1097 4074 1159 4148 de·
1285 4158 1298 4191 ‚p

80 4163 199 4266 pulsa,
227 4164 346 4243 Deum
363 4172 573 4248 aeternitatis
583 4172 978 4267 suaelaudebenedicat,
1004 4192 1068 4269 per
1080 4174 1159 4266 uni-¹

81 4268 249 4367 genitum
281 4266 317 4339 dt
339 4270 619 4369 primogenitum
648 4270 748 4349 suum
765 4272 884 4349 Deum
900 4292 941 4347 ac
958 4272 1159 4349 Dominum

82 4363 595 4546 Peffiddrndndesumngddi.stum’
621 4370 682 4467 qui
698 4372 749 4449 est
763 4366 970 4449 benenatus
988 4373 1025 4447 in
1040 4368 1158 4449 secula
1224 4412 1229 4448 t

138 4566 178 4642 S.
205 4568 337 4643 iilam
364 4560 453 4645 Tm.
483 4569 530 4647 ss.
724 4563 799 4649 Dd
971 4566 1110 4657 PSAL·
