2717 5709
193 1060 262 1139 ως
530 1044 996 1129 S.Hrr.aurr'

190 1214 283 1295 stum
298 1206 536 1303 lucrifaciam,
563 1208 777 1287 &inveniar
791 1216 827 1289 in
842 1216 917 1291 illo.
967 1212 1068 1317 Ergo
1084 1220 1166 1313 quia
1183 1238 1265 1313 non

191 1318 257 1395 nist
271 1336 316 1389 ex
331 1309 544 1388 aliumtione
560 1315 675 1385 cernis
690 1314 820 1388 nostrae
838 1317 872 1389 hi
888 1319 1004 1392 morbi
1020 1318 1133 1395 ellent
1145 1318 1263 1399 nostrl

192 1414 359 1510 corporis
377 1412 575 1504 auferendi,
600 1412 635 1483 δι
649 1434 695 1485 cx
714 1414 924 1489 assumtione
943 1419 1057 1491 carnis
1069 1420 1265 1497 salutifer!

194 1518 312 1593 omnis
337 1516 375 1587 in
399 1512 561 1587 Domino
583 1508 652 1585 est:
677 1514 816 1588 idcirco
833 1518 882 1589 ita
902 1519 971 1592 aits
1007 1522 1095 1615 Quis
1116 1524 1261 1597 daliter

192 1622 275 1693 Sr'en
283 1614 426 1707 salutare
443 1610 566 1697 Israel?

292 1736 328 1805 5.
352 1714 423 1787 Sed
441 1710 477 1788 in
497 1734 567 1806 eo,
602 1713 700 1805 quod
724 1711 871 1789 salutare
886 1714 956 1808 est,
990 1721 1108 1793 virtus
1125 1720 1177 1795 est
1192 1744 1256 1797 no·

191 1816 308 1893 minis.
357 1812 448 1887 Non
470 1833 539 1888 nos
564 1827 725 1907 aptamus
754 1834 816 1890 aut
834 1816 1018 1913 fingimus:
1057 1820 1174 1895 sedin
1196 1844 1257 1897 ve-

191 1915 279 1997 teris
303 1911 524 1988 Testamenti
545 1914 644 1987 libris
667 1916 805 1999 [eiurare
829 1916 1027 1993 Dominum
1048 1918 1166 1997 Deum
1191 1944 1259 1995 no·

189 2018 300 2093 strum
314 2016 513 2107 nuncupari
534 2012 722 2104 docemur,
749 2014 945 2109 &proprie
964 2018 1180 2097 hocnomen
1190 2036 1260 2119 per

190 2114 492 2213 pollicitationem
517 2115 682 2211 gentibus
711 2112 847 2210 semper
870 2116 1044 2193 indultum
1068 2116 1128 2194 est.
1190 2122 1264 2195 Ait

191 2220 287 2291 enim
304 2213 437 2288 Esaias:
463 2212 662 2287 Revelavit
679 2212 857 2289 Dominus
873 2219 1052 2293 brachium
1070 2217 1167 2292 suum
1180 2220 1263 2294 san·

190 2316 286 2391 tium
306 2318 341 2389 in
362 2310 554 2406 conspectu
580 2314 740 2387 omnium
761 2318 942 2413 gentium,
981 2316 1260 2417 &coguolcent

190 2436 318 2493 omnes
333 2411 421 2487 fines
438 2427 542 2486 terrae
560 2410 710 2486 salutare
725 2413 793 2487 Dei
817 2414 939 2489 nostri.
993 2416 1168 2493 Omnibus
1189 2420 1258 2517 igi·

189 2534 250 2593 tur
268 2516 435 2615 gentibus
450 2514 650 2586 revelatum
669 2512 740 2605 est,
772 2514 803 2587 ir
823 2520 866 2589 ab
887 2520 1053 2592 omnibus
1069 2522 1255 2615 cognitum

191 2616 254 2695 cst.
305 2614 354 2688 Et
374 2611 492 2687 rursus
514 2616 551 2687 in
573 2612 711 2705 psalmis
731 2614 881 2708 Spiritus
905 2616 1038 2691 santius
1059 2622 1252 2695 exclamatl

190 2714 345 2792 cantate
365 2712 527 2788 Domino
545 2715 723 2787 canticum
740 2736 899 2809 novum,
926 2722 1006 2809 quia
1021 2721 1192 2793 mirabilia
1205 2718 1223 2791 f
1237 2752 1251 2779 ·

190 2818 254 2894 cit.
305 2812 474 2889 Ostendit
488 2812 667 2885 Dominus
685 2811 834 2887 salutare
850 2815 966 2909 suum,
1003 2820 1038 2891 in
1058 2816 1250 2912 conspeetu

145 2920 150 2927 ’
190 2919 348 3017 gentium
371 2915 552 2987 revelavit
574 2913 741 3004 justitiam
764 2916 867 2990 suam.
927 2916 972 2988 Et
991 2917 1145 2992 rursum:
1182 2921 1250 2991 An·

189 3019 354 3093 nuntiate
372 3019 407 3089 in
427 3015 593 3111 gentibus
615 3017 764 3109 gloriam
780 3014 875 3106 ejus,
903 3019 934 3088 ὰ
954 3021 986 3087 im
1008 3023 1172 3089 omnilms
1189 3041 1250 3109 po·

189 3121 282 3217 pulis
302 3116 451 3189 salutare
474 3114 561 3204 ejus.
614 3112 662 3185 Et
679 3115 831 3186 rursum:
871 3116 1030 3188 Ostende
1051 3123 1153 3192 rionis
1176 3121 1250 3188 llo·

188 3223 286 3297 mine
310 3215 584 3290 misericordiam
609 3230 707 3285 tuam
731 3219 762 3286 ἃ
786 3213 934 3286 salutate
956 3235 1053 3288 tritam
1074 3222 1113 3289 tia
1132 3221 1249 3293 tulus.

189 3320 301 3412 Cujus
321 3316 391 3409 spei
408 3316 612 3388 desiderium
626 3314 802 3385 Dominus
823 3319 855 3385 in
870 3314 1064 3397 Eurum-lio
1080 3319 1249 3409 militumi,

189 3422 329 3495 dicens:
358 3417 464 3487 Multi
478 3415 666 3506 Prophetae
677 3415 793 3505 &julli
807 3421 996 3487 curiorum
1009 3421 1146 3493 vilere.
1177 3442 1252 3507 quur

188 3538 261 3592 vos
281 3516 434 3603 videtis,
476 3513 664 3601 &atldite‚
703 3521 933 3603 qnmmniiris.
997 3520 1078 3589 llos
1103 3519 1253 3591 salutaro

189 3618 335 3695 Simeon
356 3612 575 3708 exspec'iavit
589 3614 661 3699 diu,
690 3615 815 3685 &cum
831 3621 864 3685 in
878 3621 1035 3688 manibus
1048 3618 1253 3709 otctpillct,

188 3721 360 3819 agnovit,
388 3715 529 3789 &inter
551 3717 691 3805 vagitus
713 3716 866 3787 infantior
886 3719 917 3786 n
938 3740 1105 3789 cunnum
1129 3719 1251 3790 sordes

187 3818 378 3919 perfidem
398 3818 515 3890 Deum
534 3818 634 3888 vidit.
697 3814 735 3886 ln
759 3819 932 3888 talibus&
952 3820 1143 3911 agnoscens
1166 3821 1251 3888 ado·

187 3927 308 4009 ravit,
343 3921 484 3991 dicens:
523 3916 630 3986 [lunc
655 3915 795 3986 dimine
812 3916 952 3989 lervum
978 3936 1075 3990 turim
1096 3920 1252 3990 Domine

186 4018 380 4095 secundum
403 4019 554 4088 verbum
579 4028 678 4083 tuum
702 4016 735 4085 in
754 4038 861 4107 pace:
898 4023 1064 4105 quioniam
1081 4019 1251 4089 viderunt

186 4118 287 4195 oculi
307 4118 376 4188 mei
393 4113 542 4184 salutare
559 4125 679 4195 turtum,
715 4118 811 4201 quod
831 4119 1028 4206 praeparulli
1052 4122 1085 4189 in
1103 4116 1250 4210 conspe·

187 4220 247 4296 Du
272 4210 521 4286 universorum
545 4215 787 4301 populorum,
824 4217 939 4287 lumen
962 4220 995 4288 in
1023 4221 1251 4290 revelatione

186 4320 358 4421 gentium.
421 4310 519 4405 Ergo
549 4310 621 4381 hoc
650 4309 797 4382 salutare
814 4317 973 4407 gentium
997 4321 1250 4407 annuntiatur,

183 4441 264 4495 non
285 4413 417 4488 carnali
438 4410 562 4499 lsrael,
602 4410 662 4499 qui
677 4411 712 4479 in
734 4429 858 4483 monte
877 4416 1072 4490 Dominum
1094 4415 1252 4508 majesta·

184 4520 232 4593 tis
251 4510 492 4609 exspestavit,
528 4508 641 4597 vidit,
680 4510 839 4594 auditum
869 4518 925 4601 qui
946 4517 980 4587 in
999 4519 1188 4608 prophetis
1205 4520 1253 4590 la·

172 4618 341 4713 pidavit,
375 4610 526 4701 cecidit,
558 4604 687 4699 secuit,
716 4607 907 4681 &occidit
958 4612 1027 4686 Sed
1045 4614 1161 4692 sermo
1187 4617 1251 4693 iste

167 4722 296 4797 omnis
315 4715 361 4793 ad
382 4726 515 4816 gentes
534 4704 605 4801 est,
630 4705 839 4809 &gentium
860 4710 1016 4789 salutaris
1041 4717 1104 4791 est.
1146 4812 1171 4888 x
