2717 5709
129 581 1288 875 n

845 636 851 657 ¹.
869 638 874 653 Ι

171 1090 227 1179 ⁸6
380 1120 384 1129 ·
511 1088 551 1169 S.
598 1044 906 1171 Hrranr'r

103 1268 110 1277 '
177 1254 223 1335 c·
242 1274 309 1331 eos
332 1270 461 1329 omnes
481 1236 599 1329 se'cum
628 1254 804 1332 colleeros
829 1256 868 1331 in
890 1253 955 1331 suo
982 1257 1250 1337 conventiculo

176 1354 384 1435 habuerunt
402 1352 519 1429 Ollius
535 1355 571 1429 u
586 1354 827 1453 Protogenes
854 1376 991 1452 eosque
1007 1361 1251 1457 honorantes,

177 1466 251 1535 hos
273 1475 401 1530 omnes
420 1454 592 1529 diacones
615 1452 651 1531 ὰ
671 1454 878 1532 sacerdotes
894 1456 966 1532 Dei
986 1458 1251 1555 despiciebant,

180 1557 266 1649 quia
285 1576 356 1631 nec
374 1554 439 1650 ipli
461 1556 673 1631 volebamus
690 1558 821 1631 talibus
843 1557 1038 1650 aliquando
1055 1560 1252 1657 conjungi:

176 1655 279 1751 iique
303 1656 441 1749 vulgo,
479 1658 720 1751 omnibusque
742 1658 932 1755 gentibus,
973 1660 1011 1731 id
1031 1659 1130 1751 quod
1145 1662 1252 1735 inter

179 1754 399 1846 messuerat,
426 1756 648 1849 referebant,
673 1777 742 1851 pro
752 1756 1152 1855 verissrlsalingentes3
1177 1778 1251 1835 nec

180 1853 395 1931 discordiam
413 1855 592 1931 internos
613 1855 781 1932 excausa
800 1856 871 1932 Dei
893 1874 1030 1950 ortam,
1056 1857 1116 1932 sed
1129 1882 1174 1933 ex
1185 1860 1253 1935 hu·

179 1974 287 2033 maua
312 1952 567 2051 presumtione
588 1960 794 2032 narrabant.
844 1956 990 2033 Divinis
1014 1958 1170 2034 humana
1189 1961 1256 2037 mi·

178 2056 343 2145 scentes,
374 2054 410 2129 δι
432 2056 674 2132 ecclesiasticis
691 2060 799 2131 rebus
817 2058 977 2155 privatas
995 2058 1254 2155 adiungentes,

181 2154 345 2231 civitatis
362 2156 471 2229 nobis
486 2174 705 2234 concentum
725 2157 1008 2252 seditionemque
1024 2160 1253 2255 conflarunt,

181 2254 348 2331 dicentes
366 2278 437 2331 nos
457 2278 606 2355 gravem
626 2258 813 2334 schismate
831 2260 971 2334 civitati
985 2258 1190 2353 importasse
1201 2262 1258 2333 in·

178 2356 326 2453 juriam,
351 2356 514 2450 niliillis,
540 2360 640 2451 quod
656 2357 757 2432 nefas
776 2373 868 2455 erat,
894 2361 1253 2435 communicaremus:

183 2456 222 2531 dt
242 2458 320 2531 haec
344 2455 556 2548 frequenter
574 2458 828 2534 acclamabant.
888 2458 972 2535 Nos
990 2461 1084 2534 enim
1102 2458 1254 2533 omnino

180 2556 254 2632 illis
269 2560 535 2632 communicare
550 2560 749 2649 noluimus,
774 2559 838 2634 nili
852 2580 934 2655 eos,
965 2579 1058 2653 quos
1074 2559 1257 2635 damnavi·

182 2676 286 2751 mus,
310 2657 556 2755 projecissent,
583 2659 618 2733 dr
635 2660 781 2757 dignum
792 2659 975 2738 honorem
992 2658 1162 2735 Concilio
1172 2658 1258 2734 Ori·

183 2756 281 2835 entis
297 2759 512 2836 tribuerent.

291 2878 350 2935 20.
377 2861 469 2961 Quae
487 2879 581 2934 vero
598 2858 660 2951 ipsr
675 2861 828 2958 egerint,
856 2862 917 2933 vel
934 2860 1039 2952 quale
1050 2858 1255 2933 Concilium

76 2992 79 2999 ·
182 2956 397 3048 habueri-nt,
430 2961 514 3033 hinc
536 2958 717 3033 addiscere
736 2962 913 3055 poteritis.
964 2958 1058 3032 Nam
1075 2958 1257 3053 Protoge-

184 3078 274 3153 nes,
303 3059 394 3132 sicut
415 3062 518 3154 supra
541 3060 713 3144 diximus,
751 3064 844 3153 apud
868 3059 942 3132 asia
955 3058 1257 3132 anathematizans

182 3160 402 3236 Marcellum
421 3161 457 3234 dr
480 3160 650 3254 Paulum,
686 3164 809 3255 postea
830 3182 894 3232 eos
911 3161 948 3230 in
962 3159 1259 3232 communionem

183 3260 349 3355 suscepit.
398 3256 1259 3353 Dionysiumveroablilicaprovinciaellchaiae,

186 3382 296 3455 quem
312 3361 375 3455 ipsr
397 3360 662 3454 exposuerunt,
696 3364 734 3434 in
752 3361 921 3434 Concilio
941 3360 1155 3432 habuerunt.
1206 3357 1261 3430 Si·

185 3464 263 3545 mul
280 3462 419 3555 secum,
447 3463 722 3555 &exponentes
744 3464 779 3535 dt
795 3459 962 3553 expositi,
986 3459 1123 3552 judices
1141 3458 1175 3531 ἃ
1190 3459 1261 3552 rei,

187 3562 500 3636 communicantes
521 3560 688 3654 mysteria
707 3563 828 3634 divina
841 3557 1070 3652 pertrastant.
1122 3556 1261 3632 Bellum

187 3676 310 3738 autem
326 3662 371 3735 de
384 3660 615 3735 Diocletiana
629 3664 779 3734 civitate
794 3665 830 3734 in
845 3661 985 3757 flagitiis
996 3658 1260 3746 sceleribusque

186 3761 391 3845 detectum,
417 3760 597 3838 &merito
615 3763 660 3836 de
676 3761 776 3855 Syria
791 3764 1040 3855 deportatum,
1067 3757 1261 3830 ordinave-

186 3879 275 3936 runt
287 3864 515 3959 episcopum:
543 3864 675 3953 quique
690 3864 783 3955 apud
799 3861 893 3955 ipsos
909 3859 1109 3931 sceleratius
1124 3859 1258 3928 vivens

186 3961 372 4055 detestus,
399 3963 491 4036 &ab
507 3962 587 4057 ipsis
602 3964 808 4042 damnatus,
835 3983 916 4033 cum
932 3959 1009 4052 ipsis
1028 3957 1137 4029 hodie
1156 3955 1259 4028 vide·

186 4073 251 4135 tur
269 4060 339 4135 else
353 4059 578 4153 conjunctus.
631 4058 679 4131 Et
691 4064 771 4151 quia
784 4063 819 4133 in
833 4060 869 4131 Τ
873 4055 1154 4132 helialonicensrs
1169 4054 1261 4129 Pro.

187 4163 317 4260 togeni
341 4160 552 4251 frequenter
576 4162 711 4254 probra
731 4165 843 4235 multa
863 4160 1080 4250 criminaque
1096 4157 1260 4248 objecit,

188 4261 292 4355 quod
311 4259 451 4333 diceret
468 4260 567 4335 illum
586 4260 856 4335 concubinas&
879 4259 1037 4334 habuisse
1058 4258 1092 4333 ἀ
1112 4259 1260 4347 habere,

187 4365 253 4435 cui
264 4360 531 4435 communicare
544 4381 737 4452 numquam
748 4364 883 4454 voluit,
910 4381 1007 4433 nunc
1021 4379 1112 4430 vern
1127 4359 1161 4426 in
1175 4355 1261 4427 ami·

187 4464 314 4538 citiam
327 4476 511 4556 receptus,
539 4462 632 4553 quast
645 4464 812 4555 pejorum
827 4459 1261 4549 consortinexpnrgatus,

187 4562 286 4655 opud
301 4560 396 4656 ipsos
414 4562 566 4636 habetur
582 4576 623 4633 ut
639 4560 764 4655 justus.
814 4560 985 4653 Asclepas
999 4573 1139 4642 autem,
1177 4574 1263 4635 cnm

180 4664 234 4731 ad
262 4661 618 4756 Constantinopolim
644 4664 830 4736 civitatem
859 4672 1012 4754 propter
1029 4656 1172 4728 Paulum
1198 4677 1265 4728 ve-

161 4756 297 4879 lr’ffet,
321 4763 693 4861 Postirnmanitatem
708 4782 831 4844 telum
849 4761 1266 4926 &nouitatemquexcom

208 4902 212 4907 ¹
231 4898 240 4913 ’
1101 4879 1153 4932 ihr
1183 4878 1227 4945 ζ,
