2717 5709
222 939 341 998 xxxrv
485 913 508 1022 ᾗ
538 894 789 1023 sulpurata
821 915 1005 1023 (intere¹

291 1081 309 1096 ““
323 1076 403 1154 Hac
431 1077 469 1150 in
484 1071 636 1162 ¹censura
661 1075 854 1174 dupliciter
874 1099 1027 1173 peccare
1043 1079 1190 1158 videtur
1206 1079 1274 1159 Era

223 1219 337 1278 amus:
362 1197 503 1290 primo,
529 1197 629 1288 quod
644 1220 722 1274 non
737 1198 940 1292 attendens,
966 1199 1049 1290 quid
1061 1199 1219 1279 Hilarius
1233 1226 1274 1281 na

123 1299 128 1314 ”
223 1335 428 1418 tnraunum
446 1311 609 1422 definiat,
635 1317 680 1408 de
695 1319 748 1393 hir
761 1320 952 1392 vocabulis
967 1341 1013 1393 ex
1025 1301 1151 1410 nostru
1167 1323 1231 1398 usu
1243 1327 1274 1401 di

218 1441 375 1538 judicet:
391 1435 555 1532 deinde,
582 1439 701 1532 quod,
730 1459 799 1532 qua
813 1439 955 1512 ratione
975 1456 1057 1540 cum
1075 1439 1196 1536 Patre,
1222 1465 1273 1536 qn

194 1637 198 1642 ,,
223 1582 308 1640 cum
334 1555 413 1633 filio
433 1580 503 1632 nos
523 1571 649 1632 natura
666 1563 777 1632 u'nunr
798 1557 960 1652 senserit,
993 1579 1071 1634 non
1091 1559 1274 1659 distinguat

220 1677 293 1758 Sed
318 1701 401 1756 cum
418 1677 574 1754 Hilarius
594 1667 665 1752 nos
691 1697 772 1754 curn
794 1675 872 1752 filio
889 1692 1016 1754 natura
1029 1701 1140 1758 unum
1159 1703 1206 1757 eo
1220 1706 1274 1758 rna

219 1805 318 1879 xime
336 1801 492 1898 probet,
526 1795 625 1890 quod
645 1795 829 1892 ipsammet
849 1800 964 1874 earnis
983 1799 1114 1876 nostre
1128 1818 1274 1879 naturar

220 1917 432 2013 allumserir,
450 1919 525 2012 ¹qui
541 1919 618 1994 haec
637 1915 812 2007 sententia
827 1920 921 1993 illius
939 1915 1091 1995 Erasmo
1108 1923 1273 2018 perspedi

220 2039 292 2118 elle
317 2029 459 2134 potiit,
499 2038 558 2112 cui
583 2035 675 2112 visus
702 2036 752 2112 est
773 2023 889 2114 c'arnia
915 2038 1045 2116 nostrae
1062 2039 1274 2119 substantiar

220 2159 364 2238 Christo
379 2156 584 2258 denegare?
610 2158 708 2234 Hinc
723 2178 832 2233 uerno
851 2180 929 2234 nun
948 2160 1062 2255 videt,
1089 2182 1193 2255 quam
1205 2185 1274 2243 cur

219 2279 414 2386 superiore
423 2299 592 2356 connexa
603 2279 680 2356 haec
701 2277 907 2375 disputatio
948 2283 1082 2380 Quam
1104 2297 1224 2358 autern
1249 2286 1274 2361 fi

218 2395 433 2480 necessaria,
464 2397 549 2474 hinc
568 2401 768 2494 probatur,
793 2402 892 2494 quod
907 2402 966 2510 qui
984 2402 1207 2500 ignoraverit
1222 2405 1274 2481 H

217 2521 294 2598 larii
310 2541 352 2616 ea
367 2518 413 2594 de
428 2538 469 2594 re
481 2517 709 2632 sententiam,
735 2534 821 2596 toto
836 2495 935 2598 lib.
937 2525 972 2602 8
988 2524 1034 2598 de
1049 2522 1180 2598 Trinit.
1195 2527 1274 2603 aliir

193 2661 289 2735 „que
320 2639 439 2736 panim
468 2640 583 2735 lucia,
622 2641 813 2734 plurimum
845 2642 1009 2738 laboret,
1051 2641 1191 2730 neceile
1223 2647 1274 2723 eli

216 2761 328 2866 Hune
345 2762 528 2856 laborem,
554 2781 640 2859 age,
665 2761 848 2858 paululum
864 2763 1049 2838 levemus!

315 2921 472 2998 Primum
490 2923 597 3018 igitur
612 2919 806 2996 observare
820 2924 981 3034 juverit,
1014 2923 1188 3000 Hilarium
1205 2945 1274 3004 nor

214 3063 287 3141 una
303 3045 446 3117 ratione
466 3061 536 3116 nne
556 3061 638 3116 cunr
656 3039 762 3116 Patre
777 3040 931 3136 uliud,
957 3042 1016 3116 sed
1025 3045 1191 3139 proxime
1201 3067 1274 3123 cur.

214 3161 325 3255 Filio,
352 3181 471 3254 euque
480 3175 620 3238 tantum
629 3163 808 3248 mediante
821 3182 902 3235 curn
918 3159 1024 3236 Patre
1032 3175 1160 3238 natura
1171 3154 1274 3245 unun

91 3283 98 3307 ‘
144 3275 180 3359 ι’
215 3283 357 3375 dicere,
384 3283 485 3375 quud
499 3304 545 3357 ex
559 3279 787 3374 sequentibus
802 3283 1027 3376 perspicuum
1047 3279 1125 3363 fiet.

315 3412 473 3536 Deinde,
502 3464 585 3520 curn
600 3464 645 3518 ex
663 3443 1274 3539 hominumarbirriopendeantnd

213 3565 349 3652 minum
368 3561 613 3663 definitiones,
640 3565 836 3660 quidudum
847 3563 1140 3658 mreradefiniat,
1168 3579 1274 3643 atter

214 3684 371 3759 dendum
391 3683 453 3761 est.

162 3909 166 3916 ,
311 3823 401 3898 Haec
411 3840 530 3900 autem
539 3825 832 3898 vocabulalatius
842 3821 934 3916 apud
943 3839 1040 3914 eunt,
1067 3837 1172 3913 quam
1186 3843 1274 3915 aput

210 3964 281 4019 nos
299 3958 444 4039 patere,
478 3945 700 4020 manifestum
714 3941 784 4017 est:
818 3943 1013 4040 generatim
1029 3943 1124 4016 eninr
1141 3940 1223 4018 Lib.
1250 3957 1274 4029 ε

211 4063 245 4162 p.
265 4087 299 4164 9.
319 4064 425 4142 dicit:
459 4064 572 4166 „Qui
597 4065 663 4158 per'
682 4083 758 4137 rem
778 4061 937 4137 eamdem
954 4083 1067 4137 unum
1081 4060 1186 4160 sunt,
1221 4084 1274 4142 na

211 4200 293 4261 tura
316 4205 427 4260 unum
454 4182 555 4280 sunt,
588 4203 664 4260 non
690 4196 829 4258 tantum
856 4182 1110 4274 voluntate;“
1136 4205 1274 4276 exque

211 4303 487 4412 cuncludit§.7
491 4301 664 4398 ‚fideles,
693 4303 752 4397 qui
768 4297 974 4396 perfidem,
1008 4323 1087 4394 quae
1108 4303 1180 4379 'una
1205 4305 1265 4382 est

207 4445 320 4504 unum
337 4425 430 4522 sunt
457 4425 656 4502 nonmodo
667 4417 1059 4499 consensuunumelle
1064 4477 1115 4544 ‚,
1126 4425 1162 4500 δι
1176 4447 1274 4524 ergo

206 4548 341 4645 inquit,
373 4543 590 4644 perfidem,
623 4545 659 4621 id
682 4541 755 4640 est,
791 4561 857 4638 per
879 4537 966 4618 fidei
988 4519 1095 4626 uniur
1112 4561 1274 4631 naturan

1109 4687 1227 4748 unum
