2717 5709
187 1094 261 1177 no
514 1086 553 1165 8.
600 1086 640 1167 li
663 1108 682 1167 r
704 1110 730 1168 r.
752 1112 780 1169 a
805 1114 830 1169 a
853 1112 912 1173 rr

188 1276 272 1335 cum
287 1270 394 1349 cepas
410 1248 539 1327 &allia
552 1248 724 1349 AEgypti,
751 1254 784 1329 dr
801 1240 1261 1365 cuncamesdeuderavlr,

189 1380 273 1437 erun
288 1358 340 1430 ob
352 1353 527 1427 vitiorum
544 1352 838 1433 cousuetudinem
848 1355 1261 1459 seruitutemimpiamli·

185 1458 320 1537 bertati
333 1455 402 1549 piae
418 1454 592 1549 protulit,
629 1475 711 1529 curn
729 1457 882 1531 vitulum
900 1460 1088 1557 adoravit,
1128 1462 1257 1559 Moyss

187 1556 389 1638 maledixit,
422 1552 541 1629 Deum
557 1555 781 1629 abominatus
803 1556 877 1650 est,
903 1556 997 1635 lilios
1016 1562 1097 1636 suos
1120 1563 1259 1643 daemo·

187 1678 275 1737 rrum
295 1654 427 1731 hostiae
444 1653 574 1745 vovit,
609 1655 806 1749 prophetas
828 1659 986 1755 occidit,
1023 1659 1134 1755 ipsum
1160 1687 1254 1757 quo-

187 1779 259 1855 que
272 1754 394 1829 Deum
413 1774 455 1827 ac
469 1752 667 1827 Dominum
688 1753 785 1829 suum
806 1754 855 1828 sui
873 1758 973 1832 causa
998 1776 1121 1837 natum
1136 1764 1251 1843 homi-

183 1880 283 1951 nem,
309 1852 1002 1951 proditumPraetoriincrucemsustulit.
1036 1860 1253 1944 Achctoto

186 1961 274 2035 ritae
293 1954 361 2031 suae
378 1954 435 2028 die
449 1954 486 2027 in
503 1952 690 2045 iniquitate
706 1958 875 2126 glorians,
902 1980 983 2033 cum
999 1976 1131 2055 potens
1145 1962 1252 2065 effer,

183 2074 319 2159 potens
341 2071 461 2129 tamen
481 2054 517 2125 in
536 2054 704 2127 malitiae
733 2058 965 2148 epermanht.

284 2180 320 2253 7.
347 2152 431 2228 Post
453 2154 545 2227 hanc
562 2174 648 2249 ergo
664 2155 709 2226 de
727 2176 773 2227 eo
790 2159 993 2250 prophetici
1007 2159 1146 2237 doloris
1162 2182 1251 2255 que·

182 2260 317 2350 telam,
345 2257 420 2351 jam
441 2254 478 2327 in
496 2250 606 2346 ipsum
626 2252 743 2328 sermo
763 2262 1008 2333 convertitur:
1053 2263 1251 2360 injusticiam

182 2365 337 2455 cogitauit
364 2358 476 2447 lingua
501 2372 569 2428 rua.
634 2354 781 2451 Linguae
805 2357 965 2433 humanat
984 2357 1143 2435 officium
1166 2361 1245 2457 est,

180 2478 225 2535 ut
246 2456 398 2533 naturali
420 2453 566 2548 impulsa
589 2457 750 2545 ratione,
787 2474 891 2529 motu
914 2462 1018 2533 vario
1042 2462 1246 2553 eodemque

180 2562 373 2639 moderato
400 2576 532 2629 vocem
552 2556 587 2627 in
612 2557 724 2627 uerba
749 2556 950 2653 distinguat:
986 2574 1159 2653 exterque
1179 2582 1246 2655 pet

181 2682 259 2736 cam
275 2680 321 2732 ex
336 2652 488 2729 confuso
507 2656 725 2746 erumpentis
743 2652 882 2748 spiritus
896 2656 986 2731 sono
1003 2658 1182 2735 diffonans
1199 2664 1244 2737 ad

179 2780 298 2835 rerum
316 2756 587 2850 intelligentiam
604 2751 731 2829 sermo.
784 2753 831 2827 Et
846 2761 1008 2847 quamvis
1026 2761 1170 2851 quidem
1183 2763 1243 2837 hic

181 2863 257 2954 ejus
267 2858 351 2931 adid
361 2853 810 2929 efficiendumrationabilis
825 2858 1016 2944 motussit;
1045 2860 1246 2956 tanenipsa

176 2960 316 3035 subdita
331 2960 452 3050 potius
468 2954 537 3027 elie
553 2956 685 3025 rationi
705 2956 927 3050 intelligitur,
955 2980 1056 3048 quam
1075 2957 1173 3033 sensu
1191 2984 1244 3036 ra-

177 3061 289 3134 tionis
306 3058 519 3151 intelligens.
572 3056 684 3152 Quod
702 3076 792 3126 uero
809 3072 906 3128 caret
925 3057 1021 3129 sensu
1041 3064 1242 3156 intelligen-

177 3162 255 3249 tiae,
284 3174 382 3231 caret
401 3158 432 3228 δι
451 3155 599 3226 rationis
613 3153 787 3226 inlliuclu.
841 3158 1024 3253 Quidquid
1043 3173 1156 3232 autern
1179 3182 1238 3232 ca·

173 3278 231 3333 ret
255 3259 404 3332 rationis
430 3255 614 3334 instinctu,
654 3272 752 3325 curet
778 3256 1064 3332 &meditatione
1086 3259 1239 3335 conhlii.

172 3358 223 3433 Et
241 3361 428 3452 quor-nodo
446 3354 539 3428 ret‘te
557 3378 575 3425 a
592 3353 772 3447 Propheta
787 3355 914 3428 dilium
928 3360 1150 3454 intelligitur,
1172 3362 1240 3436 lin·

171 3482 276 3556 guam
295 3457 497 3549 injustitiam
513 3458 693 3549 cogitare,
721 3477 800 3528 cum
823 3461 997 3551 cogitatio
1016 3481 1061 3531 ex
1079 3463 1240 3533 rationa-

171 3561 233 3633 bili
260 3559 359 3632 sensu
385 3556 507 3627 animae
526 3556 685 3624 viventis
704 3555 863 3641 ineatur3
899 3559 1019 3651 lingua
1040 3579 1133 3631 uero
1158 3582 1238 3635 non

170 3663 215 3733 ad
239 3674 401 3732 naturam
422 3654 570 3727 rationis
586 3655 769 3743 ineundae,
794 3653 851 3727 sed
871 3658 912 3728 ad
931 3656 1159 3732 ministerium
1177 3683 1237 3733 na-

170 3775 261 3834 turae
275 3759 316 3832 sit
338 3756 559 3830 rationabilis
575 3754 760 3828 instituta?
787 3756 855 3827 Sed
874 3756 952 3828 didi
968 3759 1070 3849 hujus
1083 3760 1235 3849 perfodi

170 3859 427 3953 &prophetici
453 3856 700 3928 autloritatem
726 3855 864 3926 &alius
884 3858 1061 3950 propheta
1081 3860 1232 3933 demon·

167 3957 277 4046 strat,
310 3960 450 4029 dicens:
482 3957 599 4027 inore
619 3955 807 4025 stultorum
825 3977 891 4025 cor
912 3979 1036 4030 eorum
1052 3957 1121 4030 est:
1150 3961 1234 4050 quia

167 4057 255 4129 nihil
277 4077 321 4125 ex
339 4055 489 4125 rationis
512 4051 661 4123 consilio
686 4053 874 4124 tranantes
893 4058 1062 4129 &cordis
1081 4060 1233 4133 medita·

166 4156 268 4231 tione
284 4156 506 4245 pendentes,
533 4154 724 4225 temerario
745 4167 882 4225 tantum
904 4176 1007 4228 motu
1026 4158 1156 4251 linguae
1178 4161 1234 4232 in·

166 4255 338 4328 consultae
352 4274 408 4323 res
424 4251 593 4322 fortuitas
612 4251 645 4322 ἃ
662 4254 863 4326 inconditas
881 4257 1109 4345 eloquantur.
1161 4259 1229 4330 At·

166 4378 236 4449 que
262 4356 347 4425 ideo
365 4354 482 4423 inore
501 4349 689 4420 stultorum
711 4371 776 4421 cor
797 4373 921 4427 eorum
937 4356 1008 4449 est,
1037 4357 1227 4449 quianon,

166 4457 264 4545 quod
286 4452 550 4549 cogitaverint,
576 4453 793 4540 loquentur,
819 4451 875 4524 sed
894 4458 992 4545 quod
1010 4458 1125 4529 locuti
1148 4456 1229 4531 fue-

161 4560 257 4645 rint,
297 4554 517 4647 cogitabunt.
586 4547 634 4618 Et
660 4552 733 4622 hoc
754 4551 893 4641 quidem
917 4558 962 4628 de
979 4558 1097 4652 lingua
1114 4553 1229 4635 stulti.

161 4654 216 4724 At
234 4676 325 4724 uero
342 4656 385 4723 de
404 4654 520 4745 lingua
534 4647 698 4739 sapientis
717 4653 764 4721 ita
779 4655 942 4749 legimus:
969 4656 1106 4754 Lingua
1119 4658 1231 4731 inrel-

161 4753 303 4849 ligentis
325 4752 554 4833 meditabitur
576 4749 803 4845 sapientiam
840 4754 1042 4830 &rursumt
1081 4756 1232 4853 Lingua

1090 4878 1175 4931 mea

373 5106 377 5109 .
388 5092 449 5130 N».
