2717 5709
167 1033 175 1057 ⁸
223 1010 588 1157 Taaoraana'ra
609 1016 1071 1127 XCV111.‘·''Paanrrura.
1119 1042 1193 1135 491

125 1198 273 1279 rendam
284 1194 555 1275 eisevirtutem.
604 1192 895 1291 idcireopostea,
922 1214 1026 1289 quam
1041 1196 1194 1293 dixerat

130 1306 173 1379 In
190 1304 251 1373 nia
265 1300 488 1373 maereat
510 1314 642 1371 turam
661 1300 809 1393 ωαννὶς
837 1296 913 1371 hoc
932 1297 1085 1373 addidit:
1113 1302 1193 1374 cum

127 1403 232 1476 dilata
264 1404 336 1471 'rar
350 1422 461 1473 meam.
512 1396 712 1473 Dilatatum
730 1394 782 1491 est
794 1402 877 1491 dor,
899 1398 1001 1489 ¹quod
1011 1394 1193 1492 perfidem
1228 1494 1233 1505 „

123 1496 763 1691 ttttrhhnhhhtdth
788 1494 1193 1683 athaihait:
1256 1630 1258 1635 =

129 1701 207 1774 Cor
221 1700 330 1797 igitur
347 1699 530 1792 dilatatur,
554 1698 682 1791 inquo
701 1695 955 1773 sacramentum
965 1697 1077 1772 Patris
1091 1702 1123 1774 dr
1136 1702 1194 1777 Fi·
1221 1706 1225 1713 '

126 1805 166 1875 lii
186 1800 329 1894 reddet,
352 1800 488 1890 inquo
505 1797 627 1893 capaci
644 1795 871 1871 habitatione
887 1796 1037 1892 Spiritus
1055 1797 1192 1877 sennua

128 1899 335 1976 delebatur.
390 1896 618 1973 Meminit&
637 1894 813 1972 Salomon
837 1895 979 1973 dicens:
1013 1897 1196 1995 Sapientia

127 1999 496 2092 in-exitibueeanitor,
521 1998 692 2091 inplateis
703 2018 783 2073 cum
791 1998 958 2073 libertate
967 1999 1050 2095 agit.
1076 2001 1196 2077 Verbi

126 2096 315 2194 utriusque
327 2099 433 2194 huiua
446 2096 737 2173 latinitaa'nostra
750 2098 812 2171 vel
821 2096 1075 2175 obscuritatem
1086 2103 1196 2178 nobie

128 2198 257 2296 affert,
294 2199 359 2273 vel
378 2198 524 2274 alteriue
541 2195 790 2295 intelligentia
812 2198 1024 2292 opinionem
1045 2204 1195 2293 prabet.

110 2294 226 2378 ¹Nam
250 2298 350 2393 quod
370 2320 440 2375 noa
458 2298 497 2373 in'
517 2298 675 2372 exitibus
692 2296 863 2391 dicimus,
897 2301 1057 2394 pratitae
1072 2322 1118 2375 ex
1133 2302 1197 2376 he-
1265 2300 1268 2307 ’

128 2402 230 2477 braeo
259 2396 291 2475 ir
317 2388 439 2495 ἰξοδως
465 2396 656 2473 transtulit.
717 2392 768 2470 Et
796 2396 935 2471 exodun
952 2401 1102 2493 proprie
1123 2398 1197 2497 est,
1216 2432 1222 2455 -·

128 2499 194 2575 ubi
209 2520 256 2575 ex
272 2501 393 2574 multia
403 2496 559 2597 angustis
571 2498 641 2570 viia
655 2496 693 2571 in
708 2516 817 2573 unam
829 2510 1015 2591 patentem
1026 2502 1198 2574 viamco·
1244 2576 1248 2583 ,

128 2601 215 2677 itur.
271 2599 386 2701 Quod
409 2617 503 2673 vero
523 2616 594 2673 noa
609 2598 746 2691 plateas
760 2614 1031 2693 nuncupamur,
1065 2601 1198 2677 eodem

129 2698 281 2776 nomine
298 2700 459 2795 pratitas
473 2697 711 2790 nuncupavit
762 2694 832 2770 Sed
842 2698 977 2792 plateas
990 2699 1199 2774 latitudinea

130 2797 202 2876 effe
218 2819 353 2895 graecus
369 2798 486 2877 sermo
505 2797 680 2893 designat3
722 2795 841 2870 &noa
859 2813 1024 2890 putamus
1042 2800 1104 2875 has
1127 2800 1199 2876 effe

128 2900 272 2975 urbium
289 2898 378 2976 vias.
436 2897 537 2995 Ergo
556 2895 757 2991 Sapientia,
790 2917 869 2988 quae
885 2895 1044 2974 Christus
1063 2900 1135 2994 est,
1161 2902 1200 2976 in

129 2999 280 3089 vitilia,
306 2999 344 3072 in
362 3019 432 3089 qua
447 2999 554 3073 nobis
575 3018 621 3071 ex
638 2996 760 3072 multis
776 2995 930 3093 egreffus
946 2998 1011 3092 est,
1039 3003 1198 3076 canitur:

130 3099 169 3174 in
184 3097 433 3170 latitudinibus
457 3109 576 3169 autem
602 3117 685 3169 cum
700 3098 870 3169 libertate
885 3101 978 3192 agit,
1011 3100 1049 3179 in
1070 3101 1202 3192 quibua

131 3216 211 3271 non
227 3194 340 3268 solum
354 3196 533 3282 habitare,
558 3192 743 3266 sedetiam
761 3191 1064 3273 deambulaturam
1082 3198 1116 3272 se
1129 3196 1201 3273 effe

135 3291 307 3394 promifit
357 3293 459 3388 Ergo
474 3294 570 3369 viam
585 3292 736 3367 Domini
748 3291 932 3385 Propheta
944 3296 1058 3373 libere
1072 3299 1201 3391 currit,

134 3390 260 3493 postea
282 3412 387 3484 quam
407 3394 557 3467 dilatato
582 3392 696 3467 corde
718 3390 796 3479 effe¹
811 3395 932 3488 coepit.
990 3397 1082 3473 Non
1107 3399 1204 3472 enim

134 3507 220 3572 ante
242 3495 365 3584 potuit
388 3496 484 3566 viam
502 3491 574 3566 Dei
591 3511 762 3586 currere,
796 3512 901 3586 quam
921 3493 995 3589 ipse
1014 3498 1075 3572 ille
1097 3497 1203 3596 digna

136 3595 306 3693 &ampla
320 3592 405 3671 Deo
423 3591 625 3673 efficeretur
640 3593 829 3674 habitatio.
876 3593 1010 3673 Amen.

434 3931 811 4020 LITTERA
858 3932 908 4017 V.

520 4106 537 4139 x
600 4142 644 4214 n
669 4136 742 4221 He.

208 4306 287 4379 egent
302 4283 410 4383 flatura
423 4286 528 4381 mihi,
562 4288 723 4382 Domine,
757 4289 847 4365 viora
855 4286 1117 4388 justificationum
1134 4302 1208 4365 taa-

234 4409 326 4460 ruma
354 4383 393 4462 o
406 4393 570 4486 exquiram
585 4412 653 4462 eam
661 4388 792 4487 semper.
842 4390 990 4461 Damihi
1000 4387 1208 4483 intelledim,

139 4490 181 4569 Θ
199 4483 362 4580 scrutabar
383 4487 475 4581 iegrm
494 4504 599 4564 auam:
636 4489 676 4571 U
694 4490 860 4585 “stodiam
879 4490 966 4563 illari
984 4495 1022 4567 in
1039 4490 1209 4568 totocorde

142 4613 218 4664 mro.
255 4580 999 4677 Deducmeinfeirritammandatrrumauorum:
1025 4590 1211 4694 quiaipsan

145 4689 248 4770 oriri.
298 4691 426 4768 Incir'na
438 4713 490 4768 car
503 4712 603 4767 mcum
614 4696 652 4766 in
669 4689 850 4794 ardinnam
861 4706 943 4785 aaa,
959 4690 999 4773 o
1013 4716 1086 4864 rto?
1098 4695 1223 4766 aaut

1067 4802 1210 4862 itatem
