2717 5709
221 961 507 1062 Tancrnr'us
538 976 588 1035 ru
617 954 731 1039 XIV.
755 954 996 1073 l'snnuunr.
1069 974 1153 1058 μη·

80 1129 186 1223 derfres
201 1142 343 1226 potenter
355 1150 393 1197 ec
401 1124 562 1222 principer
578 1123 690 1219 iniqua
699 1117 847 1219 jubentes
860 1120 964 1193 debeor
977 1117 1032 1216 effe
1044 1114 1162 1221 Chris
1186 1163 1191 1179 .
1280 1106 1296 1171 ‘i

72 1228 179 1332 fisano
193 1228 375 1315 lumiliter,
401 1243 439 1297 ur
451 1221 543 1321 gestis
557 1220 704 1322 assensit,
728 1226 780 1295 ira
794 1226 890 1294 etiem
903 1222 962 1303 hic,
976 1246 1066 1306 num·
1081 1244 1159 1315 12„

79 1332 117 1411 di
128 1333 258 1431 [αἱρεῖ
270 1328 512 1406 commendauit,

77 1556 110 1618 1.
188 1528 349 1621 salmoe,
374 1524 435 1618 qui
453 1517 566 1605 lessus
585 1518 659 1613 est,
694 1516 898 1594 inscribitur
911 1520 1050 1621 psalmes
1071 1514 1163 1599 Dea-²

213 1630 291 1715 vida
318 1626 399 1719 quia
414 1644 573 1719 pereum
589 1620 741 1719 Spiritus
757 1618 892 1696 rannus
907 1622 1144 1705 heclocutus
1213 1662 1218 1677 ⁸

78 1736 137 1811 eli.
161 1753 163 1756 ·
189 1730 238 1803 Et
253 1725 351 1804 redte
364 1728 415 1799 ita
425 1724 604 1821 competit
615 1720 771 1817 psalm03
798 1723 885 1796 nihil
904 1724 1042 1801 enimin
1055 1741 1147 1805 tem·

75 1858 143 1931 pus
169 1834 320 1910 alterum
343 1824 559 1919 destinatur,
594 1823 683 1897 nihil
701 1842 746 1895 ex
763 1822 917 1898 occultis
938 1826 1163 1927 profertur,

75 1936 135 2011 sed
162 1953 270 2010 omne
294 1948 387 2023 opus
410 1923 487 2020 ejus
505 1924 543 1999 in
560 1920 711 2018 praesens
731 1920 794 2027 eil.
843 1922 1014 2021 Denique
1028 1928 1080 2003 ita
1094 1931 1158 2009 ire-t

78 2038 186 2131 cipit:
233 2036 392 2115 Domine,
429 2030 502 2125 quis
521 2024 684 2098 botteler
696 2029 733 2095 in
754 2024 954 2099 tabernaculo
970 2044 1046 2124 tuo,
1082 2048 1176 2107 aut.

99 2146 151 2207 ure
170 2130 337 2232 requiescet
356 2133 393 2199 in
405 2141 512 2199 orente
523 2122 637 2218 senile
657 2118 740 2197 rue?
780 2121 914 2199 Oratio
931 2126 982 2201 est
997 2129 1162 2227 simplex*
1275 2190 1277 2195 .

118 2235 281 2309 ominum
293 2226 498 2324 precantis,
533 2220 743 2319 &optantis
761 2224 804 2298 ab
821 2244 867 2299 eo
885 2224 1057 2323 noscere,
1084 2236 1160 2327 qui*

75 2342 223 2421 mores,
250 2328 348 2425 quod
364 2326 532 2418 studium,
558 2344 637 2418 quae
654 2326 825 2399 voluntas
845 2324 887 2401 srt
899 2328 1150 2414 ‘cohabitaturi

74 2456 165 2508 cum
186 2431 294 2523 Deo,
325 2426 364 2502 ,dr
386 2430 423 2499 in
447 2424 689 2517 excelsisque
709 2424 959 2503 &celestibus
980 2432 1149 2523 quieturi.

76 2534 176 2611 Non
195 2530 247 2606 est
262 2530 355 2605 enim
375 2526 517 2601 humilis
530 2524 714 2619 cujusdam
729 2526 849 2629 animi,
873 2531 1155 2613 necmedlocria
1243 2562 1244 2565 ‘

79 2634 205 2728 operis
220 2626 402 2705 admisceri
414 2624 515 2720 Deo,
540 2625 670 2701 mereri
690 2624 850 2719 ejusdem
866 2626 1037 2703 domicilii
1050 2654 1152 2711 conr·

77 2733 302 2809 munionem.
355 2724 455 2825 Ergo
473 2727 517 2799 de
531 2726 658 2819 quibus
669 2726 852 2819 queritur,
878 2726 994 2805 statim
1003 2732 1151 2830 respon·

79 2835 208 2908 detur:
242 2843 306 2923 ut,
338 2830 421 2921 quia
439 2824 588 2903 arduum
605 2824 657 2900 est
676 2840 785 2921 atque
807 2824 949 2904 difficile
963 2830 1039 2905 haec
1053 2836 1149 2911 obti-

74 2955 181 3019 nere,
205 2932 335 3025 quibus
350 2928 467 3002 modis
479 2928 515 3000 id
529 2924 821 3019 consequendum
837 2928 892 3021 lit,
909 2931 1153 3031 intelligatur.

92 3038 101 3048 '
184 3054 219 3107 a.
243 3028 347 3101 Dicit
360 3028 455 3101 enim
468 3027 512 3099 ad
526 3026 578 3120 id,
604 3028 704 3118 quod
720 3025 900 3119 quaelitum
918 3030 987 3103 est:
1014 3038 1152 3129 Qeiin-
1201 3086 1207 3093 ·

74 3134 227 3231 gredirur
237 3130 303 3220 fine
314 3129 447 3217 macule,
471 3126 511 3201 6
528 3126 856 3223 operaturjussr'le'am,
885 3128 1152 3232 &ceterapsa1.

73 3254 147 3309 mo
165 3224 431 3315 consequentia.
482 3220 632 3297 Talibus
650 3227 837 3320 preceptis
856 3227 1045 3327 formatur,
1072 3239 1151 3311 tali·

73 3335 151 3407 bus
172 3324 319 3401 monitis
337 3322 539 3412 instruitur,
567 3326 624 3397 cui
644 3326 687 3398 ad
707 3326 824 3401 Deum
842 3328 912 3402 iter
928 3328 1000 3427 est,
1028 3337 1085 3411 cui
1106 3338 1152 3415 ad

72 3428 334 3506 sublimitatem
353 3422 430 3519 ejus
441 3420 606 3497 ascensus
621 3424 692 3518 est,
719 3428 778 3498 cui
791 3428 827 3499 in
849 3432 990 3505 aeternis
1005 3436 1080 3527 ejus
1103 3438 1156 3515 cst

74 3532 240 3623 requies.
290 3522 512 3621 Praeceptum
523 3537 641 3599 autem
652 3526 950 3603 omnebrevitate
961 3532 1154 3613 collectum

74 3630 150 3722 est,
175 3644 219 3702 ut
234 3625 419 3701 memoriae
435 3623 637 3712 mandetur,
664 3638 706 3697 ut
723 3625 856 3701 hereat
877 3630 1010 3723 animo,
1036 3648 1079 3707 ut
1097 3634 1154 3712 so·

74 3733 134 3805 ris
161 3746 203 3801 ac
225 3726 346 3819 domi,
379 3724 526 3817 publice
545 3724 782 3820 privateque,
809 3726 923 3803 dicae
940 3728 1048 3805 noue
1069 3722 1166 3812 reti-T

74 3840 237 3917 nentur,
264 3827 561 3923 obtemperetur,
583 3824 744 3900 instetur.
798 3822 860 3901 Est
878 3828 1157 3913 enimbaecbre·
1190 3916 1192 3921 ,

74 3926 186 4002 vitas
205 3925 369 4017 locuples
391 3926 425 3999 dr
448 3918 611 4018 infinita,
648 3926 682 3999 dt
704 3947 748 3999 ex
768 3930 936 4003 omnibus
959 3934 1094 4011 veteris
1113 3958 1157 4013 ac

77 4023 182 4104 novi
199 4020 418 4097 Testamenti
433 4027 622 4121 preceptis
639 4023 881 4121 institutisque
895 4030 1078 4127 decerpta,
1104 4038 1165 4112 in·.

77 4125 271 4217 fontibus,
303 4120 465 4218 feminis,
501 4124 612 4219 viris,
644 4122 784 4200 senibus
801 4128 979 4222 aptiffima.
1029 4132 1157 4229 Atque

79 4239 131 4299 ut
149 4222 455 4315 brevitatisipsrbs
469 4224 790 4309 commendabilior
804 4226 874 4303 effe
888 4230 995 4323 poffit
1006 4236 1158 4325 opulen-

80 4326 160 4417 tia,
196 4320 281 4417 quld
299 4322 494 4422 inlingulis
511 4324 635 4397 uerbis
657 4323 864 4417 sacramenti
877 4328 946 4423 sit,
974 4330 1159 4427 prosequi·

78 4444 181 4501 mur.
234 4420 324 4497 Non
345 4422 702 4521 esthicpropbetia,
735 4446 810 4500 non
825 4424 1041 4523 obscuritas,
1072 4452 1157 4509 rnun

82 4524 305 4617 exemplum.
356 4522 449 4597 Vox
472 4526 730 4626 interrogantis
754 4524 818 4618 est,
844 4528 991 4603 bonitas
1011 4528 1159 4627 respon·
1238 4530 1240 4537 ’

81 4621 230 4717 dentis,
253 4621 491 4734 eonnemmb
513 4622 702 4797 audigntls.
751 4624 822 4702 Sed
842 4628 881 4703 in
897 4627 951 4717 his
970 4630 1087 4707 virtus
1108 4632 1161 4731 eli
1250 4668 1256 4679 ¹

125 4760 132 4772 =
253 4755 262 4771 ‘
656 4744 678 4797 2
981 4748 1112 4811 contu·
