2717 5709
201 539 2443 1032 u

278 1190 429 1288 mk
905 1209 1408 1333 Suumssmra
1476 1210 1777 1288 Cursrs

289 1372 466 1449 dicit
496 1372 570 1447 in
601 1384 816 1450 carne
840 1371 1086 1453 misse,
1140 1372 1609 1471 paffionisque
1640 1366 1944 1464 sensum,
2008 1371 2078 1447 &
2110 1369 2198 1448 ab
2238 1369 2419 1448 infe·

290 1495 393 1569 ris
422 1490 1012 1569 resurreetionem
1046 1494 1402 1568 divinitati
1439 1496 1706 1569 audens
1748 1482 2261 1582 adscribere;“
2313 1491 2426 1568 En

295 1634 591 1708 quoque
615 1635 688 1687 in
717 1633 796 1685 re
824 1608 1227 1705 Eustathio‚
1286 1612 1794 1706 Antiocheae,
1847 1611 2209 1712 Gregorio
2230 1612 2422 1692 Naz.

297 1734 368 1810 Gt
398 1734 788 1809 Phoebadio
821 1735 1057 1829 probe
1097 1734 1256 1806 noti
1296 1733 1501 1808 fuere
1540 1732 1814 1810 Ariani.

497 1854 595 1928 Hi
620 1858 706 1927 ab
734 1851 1256 1949 Apollinaristis
1277 1853 1423 1927 hoc
1438 1870 1712 1930 tantum
1732 1853 2173 1945 diffidebant,
2223 1850 2425 1945 quod

298 1971 709 2067 primarium
743 1971 926 2065 apud
960 1970 1502 2065 Apollinaristas
1551 1973 1920 2048 decretum
1961 1971 2177 2048 effet.
2245 1974 2434 2047 Ver

301 2090 473 2167 bum
490 2095 633 2169 fine
649 2092 878 2166 anima
900 2114 1164 2190 corpus
1186 2090 1589 2181 assumfiss'e3
1642 2093 1890 2168 Ariani
1914 2112 2099 2166 vero
2115 2091 2186 2165 id
2209 2091 2438 2185 ipsum

301 2223 581 2307 tantum
621 2211 1040 2288 secundario
1077 2213 1472 2304 docerent,
1525 2226 1609 2286 ut
1638 2213 1965 2307 palmaris
2002 2232 2254 2288 eorum
2283 2211 2434 2287 sen·

289 2335 532 2407 ¹tentia
572 2332 661 2407 de
698 2329 980 2406 infirma
1011 2332 1241 2406 Verbi
1268 2333 1647 2407 divinitate
1682 2334 2073 2412 obtineret.
2172 2331 2439 2407 Discri-

276 2449 473 2529 ‘men
521 2454 666 2527 hoc
720 2455 908 2528 inter
961 2466 1314 2545 utrosque
1366 2452 1697 2528 nonnihil
1750 2455 1976 2553 tangit
2008 2451 2437 2529 Athanafiuz

308 2572 433 2648 sub
464 2571 680 2650 finem
717 2573 837 2648 lib.
875 2573 964 2647 de
1004 2570 1282 2647 salutari
1318 2574 1638 2648 adventu
1668 2575 1727 2670 J.
1763 2572 1885 2662 C.,
1936 2574 2059 2648 ubi
2092 2595 2261 2666 eos,
2318 2574 2440 2668 qui

309 2695 638 2770 Verbum
674 2695 869 2767 vires
898 2696 1141 2768 animae
1165 2691 1590 2788 supplevisse
1618 2693 2046 2786 sentiebant,
2099 2694 2438 2770 refellens

312 2816 446 2894 ait:
518 2813 698 2908 „Ita
730 2813 1048 2886 futurum
1082 2812 1227 2907 est,
1280 2827 1365 2886 ut
1401 2808 1810 2891 vulneratio
1847 2815 2179 2908 corporis
2224 2813 2440 2908 paffio

309 2934 521 3028 ipfius
549 2930 1165 3011 Verbihabeatur.
1267 2933 1461 3010 Hinc
1481 2936 1667 3012 enim
1688 2932 2189 3032 proficiscitur,
2245 2932 2441 3026 quod

309 3050 553 3129 Deum
589 3054 854 3149 paffum
888 3052 1029 3129 ess‘e
1046 3051 1476 3131 ass‘everatiS.
1582 3055 1923 3153 Congrua
1943 3076 2141 3143 vox,
2198 3054 2263 3126 ἀ
2287 3075 2441 3146 quae

312 3175 590 3263 optime
621 3196 761 3247 vos
796 3175 1091 3258 deceat,
1167 3175 1233 3248 dt
1271 3194 1426 3267 quae
1462 3197 1621 3251 eum
1655 3173 1936 3260 Arianis
1968 3175 2441 3267 pulcherrime

312 3298 772 3374 convenerit.
904 3294 1102 3370 ldem
1140 3295 1328 3371 enim
1360 3295 1486 3391 ipfi
1524 3297 1599 3373 in
1648 3293 1785 3370 suis
1817 3294 2272 3394 dogmatibus
2320 3295 2441 3373 sta-

310 3423 552 3493 tuunt.
576 3415 636 3460 ‘⁶

513 3534 650 3607 Sed
691 3532 1125 3611 Arianorum
1159 3536 1230 3611 in
1262 3533 1621 3612 afferenda
1659 3535 1991 3633 corporis
2029 3534 2318 3611 inanimi
2347 3532 2440 3607 su·

312 3647 688 3747 seeptione
722 3655 1092 3729 confilium
1128 3653 1533 3731 Eustathius
1561 3653 1740 3736 Ant.
1777 3656 1963 3754 apud
1990 3654 2441 3733 Theodoret.

314 3772 479 3850 dial.
512 3795 588 3877 3.
620 3768 910 3869 'planius
946 3778 1238 3870 retegit,
1294 3775 1461 3851 dum
1495 3778 1786 3869 quaerit:
1843 3776 2065 3871 „Cur
2096 3773 2326 3869 magni
2351 3771 2441 3844 fa·

316 3894 518 3967 ciunt
538 3890 916 3969 ostendere
930 3890 1286 3971 Christum
1301 3914 1570 3989 corpus
1586 3898 1965 3972 inanimum
1983 3891 2244 3985 suscepi
2253 3889 2441 3967 ss'e‘?“

317 4032 401 4084 ac
442 4011 874 4107 respondet,
941 4028 1025 4088 ut
1074 4014 1121 4090 fi
1176 4014 1437 4112 possint
1484 4014 1557 4089 id
1597 4015 1946 4107 aliquibus
1982 4009 2441 4108 persuadere,

314 4147 568 4227 „tunc
617 4134 1079 4210 affefitionum
1128 4133 1566 4207 mutationes
1620 4133 1873 4208 divino
1921 4130 2130 4228 ipfius
2180 4131 2441 4228 spiritui

319 4251 768 4347 tribuente8‚
840 4251 1117 4328 facilius
1151 4245 1666 4348 persuadeant,
1744 4275 1834 4329 ex
1877 4254 2298 4331 immutabili
2336 4274 2441 4330 na·

316 4383 480 4447 tura
526 4373 846 4468 genitum
885 4394 1042 4449 non
1076 4368 1254 4464 effe,
1310 4369 1507 4464 quod
1539 4373 1882 4451 mutabile
1912 4373 2035 4453 est.
2059 4376 2117 4420 ‘⁶

517 4490 635 4566 Sic
697 4493 1099 4592 Gregorius
1152 4489 1339 4567 Naz.
1394 4489 1605 4573 Orat.
1658 4513 1779 4587 51.
1835 4500 1905 4591 §.
1959 4519 2069 4592 13.
2116 4491 2441 4585 testatum

320 4607 674 4689 Christum
717 4617 805 4688 ab
847 4615 985 4690 illis
1035 4609 1499 4688 inanimatum
1539 4614 1951 4711 predicari,
2015 4629 2172 4712 „ut
2211 4613 2441 4711 pallio·

319 4750 490 4807 nem
515 4733 877 4809 divinitati
906 4733 1250 4821 tribuant,
1300 4733 2033 4827 tanquamvidelicet,
2083 4734 2279 4836 quod
2304 4754 2441 4812 mo·

292 4859 464 4936 vet,
520 4851 727 4930 idem
757 4874 1065 4952 quoque
1088 4853 1435 4953 patiatur.
1455 4852 1516 4900 ‘⁶

1296 5006 1301 5011 ·
1423 5000 1430 5011 ·
2260 4973 2385 5051 b.
