2717 5709
410 1270 653 1328 vam
1050 1222 1549 1325 summane
1614 1247 1917 1325 Carsis

399 1499 401 1501 ¹
580 1408 585 1416 ’
619 1413 1045 1510 Quanquam
1085 1411 1195 1485 hae
1238 1410 1466 1487 videri
1500 1408 1791 1505 poss'unt
1818 1424 1939 1484 aut
1967 1400 2191 1506 falsae‚
2263 1425 2386 1488 aut
2415 1434 2551 1508 po-

418 1535 559 1610 tius
576 1533 887 1608 hominis
908 1530 1377 1637 inconstantis
1398 1529 1736 1625 epistolae.
1837 1528 2099 1623 Neque
2114 1536 2297 1608 enim
2321 1535 2551 1626 Apol·-

423 1654 794 1747 linarium‚
851 1654 1145 1746 ejusque
1180 1649 1561 1745 discipulos
1586 1650 1707 1724 fibi
1736 1650 2120 1726 constitisse
2147 1651 2548 1749 Gregorius

418 1773 604 1850 Naz.
637 1783 927 1849 monet:
980 1769 1095 1846 Ac
1123 1768 1247 1845 sub
1284 1768 1499 1845 finem
1523 1768 1728 1844 Orat.
1752 1790 1867 1858 52.
1896 1771 2358 1865 demonstrat,
2412 1795 2547 1849 eos

412 1894 646 1971 modo
679 1888 989 1967 diversas
1010 1887 1266 1964 Christi
1289 1903 1575 1965 naturas
1593 1888 2048 1987 distinguere,
2100 1892 2326 1967 modo
2351 1895 2552 1969 nolle

418 2014 767 2112 distingui.
885 2009 1197 2085 Similem
1228 2010 1302 2083 in
1335 2008 1760 2105 Apollinarii
1796 2010 2116 2085 doetrina
2146 2012 2550 2089 inconstan-

420 2137 592 2210 tiam
630 2144 845 2206 notat
895 2126 1420 2205 Theodoretus
1460 2128 1616 2208 Lib.
1649 2154 1718 2223 ς.
1762 2131 1916 2208 hist.
1954 2134 2131 2209 eccl.
2164 2154 2227 2208 c.
2272 2156 2337 2228 3.
2383 2136 2551 2211 cita·

419 2271 538 2330 tus
586 2274 625 2326 a
660 2250 1006 2324 Liberato
1038 2269 1103 2324 c.
1139 2270 1235 2343 3..

624 2370 977 2470 Quamvis
1023 2380 1260 2445 autem
1308 2366 1798 2466 Apollinarius
1845 2394 2032 2472 aegre
2076 2372 2455 2447 admodum
2507 2396 2551 2450 n

421 2489 1128 2587 Theopaichitarum·
1156 2492 1505 2586 opinione
1545 2502 1917 2590 purgetur,
1967 2492 2271 2588 primurn
2304 2506 2549 2569 tamen

416 2614 605 2689 illius
643 2610 1025 2686 authorem
1064 2630 1228 2686 eum
1259 2632 1412 2686 non
1443 2611 1669 2706 fuisse,
1723 2608 1936 2689 fidem
1971 2613 2246 2687 faciunt
2280 2612 2546 2687 Conci·

416 2735 495 2809 lii
534 2728 991 2806 Ariminenfis
1026 2732 1190 2804 anni
1224 2752 1390 2825 351.
1428 2731 1762 2806 canones
1804 2743 1959 2827 11'.,
2018 2754 2165 2806 ηε
2239 2733 2543 2825 „Siquis

417 2854 748 2928 Verbum
783 2852 858 2925 in
898 2870 1181 2926 carnem
1214 2853 1632 2926 translatum
1666 2867 1913 2947 putet,
1967 2854 2088 2925 vel
2115 2853 2548 2927 demutatioi

419 2995 586 3049 nem
610 2969 993 3046 sustinuiss‘e
1026 2972 1448 3066 accipiendo
1480 2992 1791 3060 carnem,
1845 2974 2215 3046 anathema
2235 2974 2339 3046 fit.
2442 2971 2544 3045 Si-

418 3097 575 3189 quis
611 3094 899 3166 unicum
933 3091 1075 3165 Dei
1112 3086 1368 3167 Filium
1406 3091 1826 3167 crucifixum
1859 3095 2176 3185 audienS‚
2235 3092 2547 3166 Dealita·

418 3228 568 3289 tem
623 3214 774 3306 ejus
838 3212 1385 3306 corruptionem
1446 3215 1565 3286 vel
1621 3212 2130 3306 passibilitatem
2208 3203 2539 3311 (παιδος)

271 3314 275 3321 ’
411 3350 537 3408 aut
578 3333 1139 3406 demutationem
1167 3383 1191 3423 ‚
1247 3332 1370 3405 vel
1409 3331 1984 3406 interfectionem
2022 3329 2404 3406 sustinuiffe
2439 3335 2541 3407 di-

414 3468 568 3546 cat,
637 3452 1011 3525 anathema
1064 3451 1168 3527 fit.
1192 3450 1248 3493 “
1377 3450 1804 3527 Non·enim
1854 3464 2022 3525 ante
2063 3472 2324 3526 annum
2373 3459 2538 3546 360.

409 3574 788 3649 haereticus
831 3572 1073 3645 audire
1112 3571 1308 3665 cepit
1339 3569 1847 3665 Apollinarius.

607 3690 707 3765 Et
744 3710 930 3764 vero
982 3690 1098 3781 qui
1137 3705 1394 3764 contra
1432 3688 1652 3784 ipsum
1702 3688 2171 3788 scripserunt,
2229 3693 2539 3766 Libera·

412 3827 526 3888 tus
559 3835 715 3906 cap.
754 3831 817 3903 3.
857 3808 1255 3906 Gregorius
1301 3808 1485 3888 Naz,
1520 3810 1725 3885 Orat.
1772 3830 1888 3901 51.
1924 3810 2255 3885 Athanass
2298 3810 2418 3882 sub
2457 3807 2536 3882 fi-

408 3956 573 4010 nem
609 3932 770 4007 libri
814 3931 904 4003 de
940 3928 1216 4003 salutari
1264 3931 1584 4004 adventu
1612 3932 1677 4025 J.
1724 3928 1804 4000 C.
1835 3949 1994 3999 eum
2033 3948 2182 4002 non
2229 3943 2310 4000 ut
2344 3951 2539 4005 com·

408 4057 632 4129 menti
670 4052 877 4145 hujus
907 4065 1310 4144 parentem,
1365 4050 1481 4122 sed
1518 4063 1598 4119 ut
1633 4044 2064 4120 imitatorem
2095 4045 2538 4127 Arianorum

407 4170 789 4245 tradidere.
894 4168 993 4240 Et
1034 4190 1123 4242 ex
1166 4170 1412 4242 verbis
1450 4166 1731 4257 quidem
1766 4163 2126 4240 Phoebadii
2156 4170 2544 4267 Agennen·

404 4292 491 4367 fis
543 4302 883 4383 apparet,
958 4286 1361 4364 Potamium
1412 4284 1759 4361 haereseoe
1807 4288 2124 4380 ejusdem
2164 4288 2367 4366 fuiffe
2410 4292 2544 4365 do·

409 4412 702 4488 aorem.
1557 4420 1570 4445 ⁸

603 4532 788 4604 Item
812 4527 865 4605 fi
892 4524 1207 4620 epistolae
1234 4524 1486 4620 synodi
1506 4510 1960 4622 Sar-dicentis,
2012 4549 2095 4603 ea
2112 4541 2342 4622 parte,
2396 4548 2538 4622 qua

407 4657 600 4747 apud
632 4648 1189 4725 Theodoretum
1226 4648 1584 4741 prolixior
1614 4644 1743 4738 est,
1799 4648 2120 4721 habenda
2159 4644 2361 4741 fides,
2413 4651 2537 4723 ab·

398 4773 617 4843 dicati
659 4770 818 4844 sunt
850 4764 1185 4851 Ursacius
1220 4765 1286 4838 &
1323 4762 1597 4839 Valens
1621 4819 1645 4859 ,
1702 4770 1896 4859 quod
1933 4768 2257 4842 Verbum
2285 4768 2536 4863 &spis

325 4886 571 4953 arum
609 4882 1100 4978 crucifixum,
1165 4885 1667 4982 vulneratum,
1716 4882 1786 4959 δι
1815 4904 2182 4963 mortuum
2224 4887 2363 4962 effe
2386 4942 2411 4983 ,
2459 4889 2534 4967 Gt

264 4987 782 5075 temne-xim-
805 5007 864 5047 “
908 5005 1426 5083 emeruerint(
1527 5034 1532 5041 ·
2227 5007 2453 5084 Euk-
