2717 5709
131 581 678 893 -Ι
849 697 853 704 ¹

182 1098 237 1176 go
520 1070 559 1153 S.
607 1072 923 1155 Hrnanrt·

184 1252 290 1341 pater
304 1250 387 1313 tuus
402 1232 474 1333 est,
499 1236 557 1311 cui
578 1234 728 1311 Nicaena
745 1236 904 1333 synodus
922 1240 992 1319 suit
1006 1265 1116 1343 curae,
1141 1268 1249 1343 quam

185 1356 230 1415 tu
245 1340 335 1415 salsis
357 1339 591 1433 opinionibus
608 1336 812 1415 infamatam
834 1348 1044 1441 perturbas,
1071 1350 1250 1429 &contra

183 1440 619 1535 bumanumdivinumque
626 1439 799 1531 judicium
813 1462 893 1516 cum
905 1448 1024 1539 paucis
1038 1448 1248 1527 satellitibus

183 1545 257 1619 tuis
283 1538 442 1634 profanis
466 1540 663 1633 impugnas.
716 1540 785 1615 Sed
801 1545 978 1619 nonlicet
994 1546 1061 1621 tibi
1080 1568 1177 1623 nune
1196 1569 1252 1624 re·

183 1663 259 1750 gno
274 1641 419 1735 potenti
435 1641 542 1714 etiam
556 1640 593 1711 in
608 1637 789 1732 posterum
808 1643 1050 1736 praejudicare.
1098 1644 1250 1725 Exstant

186 1748 283 1840 enim
298 1743 448 1831 littere,
474 1741 602 1829 quibus
618 1740 678 1833 id,
705 1740 804 1832 quod
823 1758 864 1815 tu
885 1744 1111 1823 criminosum
1127 1765 1249 1845 putas,

185 1846 248 1945 pie
274 1858 363 1917 tunc
389 1838 460 1915 elle
480 1837 678 1931 susceptum
700 1841 866 1917 docetur.
926 1846 1024 1918 Audi
1050 1849 1249 1925 verborum

184 1942 338 2045 (andam
355 1940 648 2037 intelligentiam,
673 1938 754 2013 audi
774 1936 940 2017 Ecclesiae
953 1946 1249 2037 imperturbatam

183 2042 497 2133 constitutionem,
524 2040 604 2113 audi
618 2040 729 2133 patris
748 2041 800 2114 tui
814 2041 1002 2135 professam
1020 2042 1141 2139 fidem,
1168 2049 1252 2125 audi

182 2148 349 2227 humane
371 2142 442 2235 spei
462 2136 706 2213 confidentem
727 2138 978 2236 securitatem,
1010 2146 1089 2219 audi
1110 2147 1250 2221 baereti·

185 2270 238 2325 οε
258 2240 497 2320 damnationis
520 2240 704 2333 publicum
722 2237 873 2316 sensum:
908 2242 1118 2343 &intellige
1139 2260 1177 2320 te
1197 2248 1246 2319 di·

183 2349 280 2423 vina
301 2341 484 2441 religionis
498 2338 651 2433 hostem,
676 2338 906 2417 &inimicum
921 2348 1103 2420 memoriis
1115 2343 1251 2423 iansso-

184 2470 286 2545 rum,
315 2445 351 2521 ἃ
368 2459 527 2539 paternae
542 2440 687 2535 pietatis
703 2440 882 2519 haeredem
901 2445 1087 2522 rebellem.

360 2607 624 2683 Additamenlrrm
648 2630 687 2677 rx
711 2604 804 2677 libris
829 2604 866 2676 dt
895 2598 1092 2681 Trinitate-

193 2814 199 2825 .
286 2758 345 2832 28.
366 2746 472 2823 Pater
486 2744 560 2837 est,
594 2766 641 2819 ex
660 2764 734 2840 quo
756 2764 887 2840 omne,
921 2746 1019 2837 quod
1039 2744 1111 2840 est,
1138 2748 1254 2827 conii.

184 2852 257 2931 stit.
305 2850 385 2943 lpse
404 2849 440 2921 in
462 2846 604 2920 Christo
624 2846 658 2919 u
677 2865 742 2939 per
760 2844 938 2920 Christum
954 2848 1060 2941 origo
1077 2852 1252 2927 omnium.

185 2956 358 3031 Ceterum
381 2948 452 3023 else
471 2949 547 3041 ejus
561 2948 597 3018 in
618 2943 688 3019 sese
705 2944 772 3019 est:
799 2966 875 3018 non
894 2946 1059 3038 aliunde,
1088 2950 1184 3037 qrrod
1199 2950 1253 3025 est

181 3056 337 3140 sumens,
363 3048 421 3124 sed
437 3048 485 3138 id,
512 3047 609 3137 quod
628 3044 692 3138 est,
720 3067 765 3118 ex
785 3043 820 3118 se
836 3062 943 3135 atque
962 3046 996 3117 in
1015 3043 1048 3117 se
1065 3050 1251 3141 obtinens;

182 3154 361 3246 infinitus,
387 3152 550 3241 quianon
563 3148 635 3239 ipse
648 3148 683 3219 in
695 3146 830 3236 aliquo,
856 3145 1250 3239 sedintraeumomnia;

184 3258 324 3349 semper
354 3268 457 3325 extra
479 3251 621 3337 locum,
657 3248 738 3337 quia
763 3267 838 3317 non
856 3247 1064 3318 continetur
1080 3269 1114 3318 rn
1136 3252 1251 3340 loco;

183 3358 324 3449 semper
344 3367 428 3426 ante
451 3368 590 3439 evum,
626 3350 707 3438 quia
723 3364 863 3439 tempus
885 3348 928 3418 ab
952 3368 998 3417 eo
1020 3348 1081 3421 est.
1135 3347 1252 3425 Curre

182 3456 305 3543 sensu,
329 3451 457 3543 siquid
478 3451 509 3521 ei
530 3464 632 3540 putas
649 3449 813 3520 ultimum
831 3444 919 3538 esse,
947 3468 1026 3519 eum
1048 3446 1184 3537 semper
1199 3453 1252 3524 in·

179 3558 328 3633 venies:
353 3555 435 3647 quia
454 3571 533 3621 curn
556 3546 691 3639 semper
707 3546 885 3638 intendas,
912 3544 1122 3640 semperest,
1151 3552 1251 3641 quod

180 3658 358 3735 intendas.
417 3650 565 3743 Semper
591 3662 711 3720 autem
735 3647 856 3718 locum
887 3647 962 3737 ejus
984 3649 1170 3721 intendere
1196 3651 1248 3723 ira

180 3761 247 3835 tibi
263 3756 327 3845 est,
354 3766 395 3826 ut
417 3754 449 3824 ei
469 3746 538 3823 else
552 3748 622 3820 stne
638 3744 709 3819 fine
724 3745 785 3821 est.
837 3745 963 3819 Sermo
980 3749 1014 3817 in
1029 3769 1073 3817 eo
1087 3744 1247 3843 deficiet,

180 3881 258 3935 non
288 3868 416 3930 natura
446 3848 644 3923 claudetur.
704 3846 837 3919 lterum
865 3847 1248 3944 revolvetempora,

179 3958 253 4035 else
274 3954 411 4047 semper
427 3952 612 4023 invenies:
647 3946 778 4020 &cum
798 3947 922 4017 calculi
941 3964 1109 4017 numerus
1125 3946 1161 4019 in
1180 3947 1250 4021 ser·

180 4079 292 4135 mone
309 4051 506 4126 defecerit,
542 4050 627 4120 Deo
643 4062 762 4118 tamen
780 4046 915 4139 semper
933 4042 1001 4117 eise
1017 4066 1093 4120 non
1113 4046 1251 4127 delicit.

177 4153 457 4251 Intelligentiam
467 4167 676 4227 commove,
693 4147 979 4219 &totummente
990 4148 1249 4245 complestere,

179 4258 271 4339 nihil
290 4271 405 4329 tenes.
453 4247 593 4321 Totum
612 4247 685 4319 hoc
706 4247 816 4320 babet
837 4249 1036 4339 reliquum,
1069 4251 1247 4341 reliquum

180 4376 301 4437 autem
323 4354 398 4428 hoc
424 4344 561 4441 semper
586 4348 624 4420 in
642 4359 729 4419 toto
752 4346 814 4422 est.
868 4344 966 4443 Ergo
993 4368 1110 4439 neque
1126 4362 1248 4423 totum

179 4461 255 4551 est,
292 4455 351 4533 oui
364 4453 540 4542 reliquum
560 4444 632 4535 est3
671 4466 790 4537 neque
809 4446 984 4539 reliquum
1002 4446 1073 4539 est,
1112 4448 1169 4521 eui
1193 4444 1246 4520 est

177 4582 311 4651 omne,
344 4552 443 4649 quod
458 4565 578 4625 totum
592 4544 654 4625 est.
703 4546 896 4641 Reliquum
917 4549 1010 4623 enim
1030 4547 1155 4639 portio
1172 4546 1246 4635 este

170 4680 289 4733 omne
305 4674 413 4739 vero,
438 4649 538 4745 quod
560 4662 683 4725 toturn
701 4645 765 4725 est.
815 4648 917 4723 Deua
938 4645 1248 4738 autemdtubique

146 4752 225 4847 art,
263 4754 306 4829 dr
319 4744 678 4854 romulum&
707 4744 779 4854 „sta
792 4750 983 4862 regionem
999 4746 1251 4855 intelligentie

204 4905 208 4912 ·
458 4886 463 4896 ·
1099 4866 1204 4925 em·
